3750 5400
823 741 826 748 ·
900 696 966 774 88

880 883 985 952 exn.

391 975 401 982 ·'
521 1025 576 1096 Dt’
600 1027 636 1094 S.
663 1001 770 1100 Eucti.
811 1028 901 1114 (Ata
928 1026 983 1090 De
1002 1025 1063 1091 SS.
1084 989 1338 1108 Evcaaelmtm.)
1420 987 1422 997 Ι

401 1143 555 1210 1.Ptorro
576 1148 684 1216 chorus
704 1148 894 1224 laetabundo,
952 1149 982 1211 5.
998 1147 1040 1209 Os
1056 1146 1216 1208 humanum
1237 1155 1281 1207 est
1299 1137 1446 1207 Matthaei

370 1241 374 1255 '
441 1227 630 1293 Hosattcilet
650 1254 703 1313 per
718 1254 791 1314 utros
803 1233 908 1296 mando
994 1230 1304 1305 inhonoratorum,
1325 1226 1384 1291 Ilei

380 1376 388 1393 Ι
442 1311 553 1377 Sonant
574 1318 743 1397 evangelia:
992 1314 1136 1377 Dictantis
1156 1314 1340 1394 prosapiam,
1404 1343 1406 1348 ·

358 1433 360 1438 .
442 1396 521 1461 Voce
543 1420 663 1480 qnorum
685 1403 766 1466 salus
787 1402 889 1481 fluxit,
993 1398 1085 1464 Gaius
1106 1419 1199 1480 genus
1220 1400 1264 1461 sic
1284 1394 1414 1459 contexit

443 1481 510 1545 Nox
532 1477 689 1564 praecessit
708 1498 737 1548 et
755 1487 852 1551 illuxit
994 1486 1080 1561 Quod
1100 1504 1119 1546 a
1141 1484 1231 1565 stirpe
1251 1483 1347 1546 David
1370 1482 1434 1571 exit

444 1564 495 1631 Sol
519 1568 667 1633 illustrans
689 1573 794 1636 omnia.
992 1568 1051 1631 Per
1070 1567 1167 1631 carnis
1187 1568 1349 1631 materiam.

349 1739 357 1788 .'
399 1699 551 1765 200uram
572 1724 664 1785 agens
685 1706 731 1770 sui
751 1706 853 1787 gregis
951 1704 984 1773 6.
997 1702 1101 1768 Rictas
1123 1702 1206 1767 boris
1225 1704 1324 1765 Lucae
1345 1704 1431 1766 datur

443 1787 548 1850 Pastor
573 1791 683 1867 bonas,
716 1801 817 1854 auctor
834 1791 911 1873 tegle
993 1789 1026 1851 ln
1049 1808 1105 1871 qua
1125 1790 1219 1851 forma
1241 1787 1404 1868 figuratur,

444 1872 576 1951 Quattuor
597 1872 734 1937 instituite
787 1915 792 1928 2
983 1874 1081 1939 ¹diora
1100 1871 1236 1939 Christus
1255 1873 1370 1951 hostia3

430 1956 553 2033 Quadri
574 1957 654 2021 orbis
674 1961 710 2021 ad
731 1960 873 2031 medelam
997 1962 1059 2021 Ara
1076 1958 1173 2032 'crocis
1194 1968 1363 2024 mansuetus

443 2038 581 2103 Formam
605 2042 677 2106 iaris
698 2053 725 2106 et
748 2047 891 2109 cautelam
995 2043 1053 2107 Hic
1074 2053 1214 2105 mactatur
1233 2041 1277 2105 sic
1297 2052 1325 2104 et
1345 2041 1447 2127 votus}

444 2123 504 2186 Per
523 2146 595 2207 qnos
613 2128 701 2191 scribi
712 2130 822 2202 ,voluit
996 2126 1117 2191 Transit
1138 2126 1331 2198 observantia.

403 2255 807 2346 3.Ctroartemagenora10
954 2262 987 2327 7.
1002 2262 1056 2325 Est
1076 2261 1170 2325 lconis
1190 2259 1332 2341 rugientia
1411 2339 1414 2345 Ι

444 2342 540 2414 Habet
561 2346 681 2427 uirisque
703 2349 829 2429 speciale
997 2346 1099 2408 Marco
1120 2346 1217 2410 uultus
1236 2345 1420 2426 resurgentis

446 2426 509 2489 Sibi
533 2430 735 2513 privilegium
998 2430 1064 2507 Qua
1085 2432 1176 2493 claret
1195 2430 1361 2515 potentia:v

447 2512 528 2589 Quos
554 2516 699 2599 designat
713 2519 744 2580 in
764 2518 905 2598 propheta
998 2515 1075 2579 Voce
1096 2514 1188 2600 patris
1211 2514 1368 2578 suscitatus
1484 2549 1491 2559 ·

365 2617 371 2622 ·
445 2596 554 2661 Forma
573 2601 667 2680 pictus
689 2604 867 2668 suddiscreta
998 2599 1102 2681 Surgit
1122 2598 1257 2662 Christus
1278 2600 1428 2664 laureatus

446 2679 550 2750 tutuo
569 2686 748 2760 animalium,
961 2730 965 2735 -
998 2685 1156 2749 Immortali
1178 2684 1284 2767 gloria.

406 2815 438 2881 4.
450 2817 566 2883 Polione
578 2822 685 2884 nubem
701 2833 817 2887 nostrae
830 2824 916 2888 molis
957 2821 988 2887 a
1002 2821 1059 2885 His
1079 2819 1229 2901 quadrigis
1249 2820 1422 2900 deportetur

448 2901 576 2966 intuetur
597 2906 680 2968 iubar
701 2909 773 2972 solis
910 2898 914 2915 '
999 2906 1117 2973 Mundo
1131 2907 1229 2982 Deus,
1252 2905 1428 2969 sublimatur

437 2985 572 3052 ‘loannes
594 2990 624 3052 in
643 2992 742 3071 aquila
1000 2991 1067 3053 istis
1088 3009 1158 3052 arca
1177 2990 1308 3052 vectibus
1374 3061 1376 3064 ¹

359 3106 364 3115 ·
447 3071 653 3153 Sapruooaios
673 3079 741 3139 dunt
754 3077 918 3140 conscendit
999 3074 1132 3138 Paradisi
1152 3076 1226 3138 haec
1245 3075 1353 3136 fluenta

450 3156 522 3220 Siau
545 3161 636 3240 patris
656 3163 842 3244 deprehendit
1001 3159 1086 3223 Nova
1106 3161 1198 3223 fluant
1218 3169 1401 3222 sacramenta
1478 3218 1481 3225 t

414 3244 421 3261 ¹
447 3242 554 3311 Natum
573 3258 639 3310 aute
661 3250 786 3317 sarcula.
1002 3246 1085 3324 Quae
1104 3244 1230 3308 irrorent
1248 3243 1394 3326 gentibus.

652 3385 682 3449 9.
698 3386 765 3449 Νοιι
785 3396 830 3450 est
850 3387 954 3448 domus
974 3383 1086 3454 ruitura

692 3471 759 3543 Hac
775 3471 902 3535 subnixa
923 3470 1114 3550 quadratura,

694 3556 776 3618 Haec
797 3565 840 3617 est
857 3557 960 3616 domus
980 3550 1105 3614 dominic

696 3638 843 3700 Gloriatur
863 3639 894 3699 in
914 3638 971 3700 hac
991 3639 1075 3699 domo

696 3723 763 3798 Qua
784 3724 884 3785 beatus
905 3721 977 3786 vivit
996 3722 1100 3801 homo,

694 3806 775 3871 Deus
795 3805 910 3877 iunctas
927 3805 1049 3870 homini.

871 3978 1018 3991 -ομ-

499 4096 544 4158 En
571 4094 623 4159 tibi
649 4094 771 4160 alterum
799 4099 902 4162 Ademi
939 4103 1056 4160 carmen
1083 4096 1308 4179 pulcherrimum
1337 4097 1412 4174 quud
1446 4105 1474 4158 et

413 4179 509 4258 ipsam
530 4181 560 4245 in
581 4181 825 4262 evangelistarum
847 4183 981 4250 laudibus
1009 4194 1151 4246 versatur.
1200 4180 1290 4244 Cuius
1315 4184 1475 4262 argumcna

414 4273 474 4333 tom
494 4268 547 4330 etsi
569 4267 596 4327 ci
618 4287 704 4348 quam
725 4268 909 4329 exhibuimus
935 4287 1039 4348 prosae
1066 4269 1198 4348 pluribus
1223 4264 1389 4328 nominibus
1415 4285 1475 4327 non

414 4349 549 4413 absimile
576 4352 614 4414 sit
643 4361 739 4414 tamen
766 4355 829 4416 eius
858 4363 901 4414 est
930 4350 1048 4433 propria
1073 4352 1191 4413 dulcedo
1213 4362 1297 4430 atque
1319 4350 1475 4430 elegantia,

414 4433 457 4494 sic
478 4447 580 4504 runca
595 4459 761 4516 vereamur,
782 4460 818 4502 nc
841 4437 905 4517 quis
926 4439 1009 4503 uobis
1030 4436 1144 4498 crimini
1165 4444 1274 4514 vertat,
1302 4436 1375 4515 qnod
1398 4436 1475 4496 huno

306 4528 309 4535 ’
415 4519 500 4580 ctiam
517 4525 695 4598 praeclarum
710 4538 810 4605 poetae
831 4532 947 4586 cantum
970 4524 1105 4584 thesauro
1125 4530 1224 4584 nostro
1245 4519 1473 4584 interseruimus.

415 4637 454 4650 -
474 4603 613 4671 Dedimus
634 4629 750 4678 carmen
772 4630 811 4673 ox
834 4604 905 4676 coc,
932 4607 1013 4675 Mon.
1037 4607 1078 4676 10
1096 4617 1125 4671 ct
1140 4606 1237 4673 Miss.
1257 4604 1424 4674 Pataricusi
1445 4603 1476 4670 iu
