3750 5400
897 694 899 700 '
926 687 1023 760 ltin

444 859 534 923 Liber
551 858 679 941 scriptus
700 862 879 942 proferetur,
996 860 1233 941 Liberscriptus
1256 869 1324 922 tunc
1345 862 1486 937 docetur,

446 945 478 1008 ln
501 966 556 1024 quo
579 955 668 1006 totum
688 948 848 1007 continetur
996 948 1028 1008 ln
1052 968 1107 1026 qno
1130 956 1221 1006 toturn
1242 945 1407 1007 continetur

445 1028 528 1090 Unde
541 1032 673 1098 „mundus
694 1029 844 1097 iudicetur.
997 1031 1080 1093 liudo
1102 1033 1226 1092 mundus
1248 1029 1401 1106 indicetur.
1554 1087 1568 1122 ·

446 1179 538 1242 ludex
559 1200 630 1260 ergo
652 1201 717 1243 oum
739 1181 848 1244 sedebit
999 1183 1091 1246 ludex
1113 1201 1184 1261 ergo
1203 1202 1270 1244 rum
1289 1181 1400 1243 sedebit

447 1264 592 1347 Quidquid
614 1267 682 1328 lutet
703 1267 855 1348 apparebit
902 1261 906 1270 ’
1002 1267 1145 1348 Quidquid
1167 1267 1237 1347 latet
1259 1265 1437 1346 comparebit

446 1348 498 1411 Nil
518 1350 658 1412 incultum
679 1350 847 1413 remanebit.
1001 1352 1053 1415 Nil
1073 1351 1213 1413 insultum
1234 1351 1404 1414 remanebit.

406 1505 410 1513 '
449 1500 526 1577 Quid
547 1520 613 1562 sum
632 1501 723 1564 miser
750 1510 811 1562 turn
832 1500 960 1564 dicturus
1003 1502 1078 1581 Quid
1103 1522 1169 1562 snm
1190 1500 1279 1563 miser
1298 1511 1365 1563 tune
1385 1503 1518 1565 dicturus

342 1619 346 1632 =
390 1637 393 1644 .
450 1584 544 1661 Quem
566 1594 718 1666 patronum
740 1595 897 1666 rogaturus
1003 1590 1097 1663 Quem
1119 1595 1273 1665 patronum
1293 1598 1450 1666 rogaturus

337 1673 345 1681 '
450 1668 548 1745 Quom
574 1690 628 1731 uec
655 1670 749 1732 iustus
770 1670 808 1731 sit
831 1689 960 1744 securus.
1002 1667 1081 1732 Duin
1103 1672 1155 1731 vix
1177 1671 1272 1732 iustas
1292 1671 1329 1731 sit
1350 1691 1481 1738 securus.
1565 1725 1570 1737 ι

448 1822 522 1885 Rex
539 1821 703 1883 tremendae
723 1821 882 1884 maiestatis
1003 1824 1071 1886 Rex
1091 1821 1437 1904 tremendae-maiestatis

358 1938 368 1954 ι
450 1906 507 1982 Qui
530 1906 684 1969 salvandos
706 1906 804 1968 salsas
826 1906 918 1986 gratis
1004 1907 1061 1984 Qui
1081 1908 1238 1968 salvandos
1260 1907 1359 1969 salros
1381 1905 1475 1987 gratis

451 1990 543 2053 Salva
562 2009 608 2051 me
628 1990 695 2051 lons
717 1991 841 2072 pietatis.
854 1990 887 2069 a)
932 2020 933 2024 ¹
1004 1992 1095 2053 Salva
1116 2012 1163 2053 me
1183 1991 1249 2052 fons
1270 1991 1396 2071 pietatis.

452 2111 621 2205 Recordare
642 2144 707 2205 lesu
729 2142 776 2223 pie
954 2133 957 2138 ¹
1008 2143 1176 2216 Recordare
1197 2142 1293 2204 lesum
1315 2143 1363 2221 pi'e
1427 2203 1430 2216 ,

453 2228 537 2302 Quod
559 2227 615 2289 sim
637 2247 725 2290 eausa
746 2240 813 2289 torae
836 2225 899 2289 viae
1007 2228 1066 2305 Qui
1088 2247 1153 2289 som
1175 2245 1264 2289 cansa
1284 2237 1350 2287 tuae
1369 2226 1436 2292 riae

452 2311 497 2377 Νι
517 2331 564 2373 me
585 2313 689 2392 perdes
710 2312 762 2374 illa
783 2312 838 2377 die.
1006 2313 1051 2375 Νι
1073 2331 1121 2372 me
1140 2313 1245 2391 perdas
1267 2311 1318 2376 illu
1340 2311 1397 2376 die.

454 2463 607 2541 Quaerens
626 2484 672 2525 me
694 2463 798 2527 venisti
820 2465 918 2528 lasus
924 2512 935 2543 ,
1009 2463 1162 2539 Quaerens
1180 2482 1227 2523 me
1248 2461 1328 2525 luisti
1350 2464 1454 2545 lapsos

455 2547 615 2611 Redemisti
636 2567 720 2610 cruce
742 2568 847 2629 passus
1009 2546 1171 2610 Redemisti
1193 2566 1277 2609 ernoe
1300 2567 1406 2627 passus

416 2669 422 2688 a
456 2632 571 2696 Tantus
593 2632 675 2696 labor
696 2655 754 2696 non
775 2634 813 2696 sit
833 2653 945 2701 cusam.
1010 2633 1126 2694 Tantus
1147 2630 1230 2692 labor
1247 2651 1306 2695 non
1327 2632 1365 2694 sit
1385 2632 1493 2697 lassus.

456 2783 533 2846 lusto
554 2783 641 2847 index
660 2784 778 2846 ultionis
1010 2787 1088 2846 lusto
1107 2783 1197 2846 iudex
1217 2781 1337 2844 ultionis

455 2868 571 2930 Donum
592 2870 641 2931 lae
660 2868 838 2931 remissionis
1009 2871 1125 2931 Donum
1147 2868 1194 2930 fac
1214 2866 1396 2941 remissionis

455 2955 533 3015 Ante
553 2952 630 3014 diem
651 2953 779 3018 rationis.
1009 2955 1083 3016 Ante
1104 2952 1180 3016 diem
1201 2952 1333 3015 rationis.

457 3103 621 3186 lngomisoo
643 3115 779 3186 tanquam
802 3125 870 3167 reus
1010 3104 1173 3184 lugemiseo
1195 3112 1332 3182 tanquam
1352 3110 1421 3164 reios
1538 3126 1541 3133 ¹

457 3187 553 3270 Culpa
574 3192 657 3251 rubet
678 3191 775 3252 stultos
795 3210 878 3252 mens
1012 3188 1107 3269 Culpa
1127 3191 1209 3250 rubet
1231 3188 1329 3249 vultos
1350 3207 1432 3248 mens

408 3320 411 3325 .
457 3272 643 3355 supplicanti·
660 3294 746 3354 parce
768 3273 857 3365 Deus.
1011 3273 1195 3355 Supplioanti
1217 3291 1304 3352 parce
1326 3272 1415 3334 Deus.

457 3424 515 3497 Qui
537 3425 665 3487 Marium
686 3426 837 3486 absolvisti
1011 3424 1069 3500 Qui
1089 3424 1218 3486 Marium
1238 3422 1386 3486 absolvisti

457 3506 496 3568 Et
517 3507 659 3568 latronem
678 3508 819 3570 exaudisti
904 3574 913 3593 Ι
1009 3509 1048 3569 Et
1067 3509 1209 3570 latronem
1231 3507 1387 3570 emendasti

457 3587 534 3650 Mihi
555 3611 668 3674 quoque
688 3612 771 3672 spem
792 3592 905 3655 dedisti.¹
1010 3591 1086 3653 Mihi
1107 3610 1218 3672 quoque
1241 3613 1323 3672 spem
1344 3588 1452 3659 dedisti.

312 3714 332 3811 .’
351 3736 400 3787 ‘s
457 3739 564 3802 Preces
585 3740 667 3803 aneae
693 3761 750 3802 nou
777 3752 842 3803 sunt
864 3742 970 3824 dignae
1012 3742 1119 3803 Preces
1145 3761 1227 3805 meae
1248 3764 1307 3804 noo
1333 3750 1398 3803 suut
1417 3741 1522 3826 dignae

458 3823 516 3884 Sed
538 3833 569 3887 tu
590 3826 663 3886 bone
684 3826 730 3897 fae
752 3825 874 3904 benigue
1012 3825 1069 3886 Sed
1092 3834 1121 3886 tu
1146 3827 1236 3889 bonas
1257 3829 1304 3889 foc
1326 3826 1448 3905 benigue
1470 3872 1474 3879 -

458 3907 504 3970 Νι
526 3909 645 3993 pereuni
667 3930 778 3975 oreruer
796 3910 876 3991 igue.
1011 3911 1056 3971 Ne
1075 3911 1194 3990 pereuni
1217 3932 1329 3977 cremer
1347 3911 1426 3992 igno.

460 4060 539 4123 luter
558 4083 628 4125 ores
649 4062 744 4125 locum
766 4071 882 4143 praesta
1012 4063 1088 4123 luter
1110 4082 1180 4122 oves
1201 4064 1297 4124 locum
1318 4070 1435 4142 praesto

460 4145 499 4206 Et
519 4147 556 4207 ab
577 4147 679 4210 haedis
700 4166 746 4207 me
767 4155 917 4225 sequestre
1014 4146 1052 4206 Et
1072 4145 1109 4204 ab
1132 4147 1233 4208 bardis
1254 4167 1301 4207 roe
1323 4154 1473 4225 sequestra

460 4228 597 4294 Statoeus
611 4228 672 4309 iii),
685 4231 714 4291 in
737 4239 817 4310 parte
839 4231 951 4296 dextra.
1013 4229 1150 4295 Statueas
1171 4231 1202 4296 iu
1221 4242 1302 4315 purte
1323 4233 1437 4298 dextra.

464 4372 767 4392 ...φὴ-ο·

526 4478 557 4548 *)
576 4480 655 4535 Cant.
674 4484 737 4548 Reg.
758 4482 896 4563 bonitatis.

508 4579 555 4653 ll)
574 4582 651 4639 Cant.
669 4586 733 4650 lieg.
762 4602 804 4636 me
821 4585 902 4639 loces.
