3750 5400
841 602 850 620 S
1189 610 1192 616 .

490 850 588 917 niue
608 870 723 933 super
752 842 821 913 no's
847 851 1153 938 quemadmodum
1182 850 1430 929 speravimus
1457 849 1494 934 in
1522 862 1565 916 tr.

489 937 590 1018 Neque
613 937 689 998 enim
715 947 825 998 tautum
852 935 903 998 illo
929 937 1106 1000 versiculus:
1132 935 1294 1015 dignare
1322 935 1486 999 Domine
1511 948 1563 1001 ete.

488 1023 576 1083 etiam
596 1019 625 1082 in
642 1019 788 1082 Ambrosii
810 1019 856 1083 rel
876 1019 982 1092 ¹Nicetii
1003 1022 1110 1102 hymno
1135 1020 1258 1100 legitor,
1282 1021 1357 1100 quod
1376 1011 1413 1082 iu
1433 1011 1561 1102 margine

491 1104 600 1168 monuit
628 1105 784 1181 Usserios,
812 1105 991 1186 sedemues
1013 1124 1085 1185 quos
1104 1104 1296 1184 adduximus,
1323 1105 1446 1167 mutatis
1469 1117 1561 1168 umen

493 1189 623 1251 numeris
645 1200 672 1250 et
693 1189 760 1249 aliis
784 1187 903 1250 minoris
930 1188 1080 1255 momenti.
1127 1188 1282 1250 Praeterea
1308 1189 1439 1269 hymnus
1467 1200 1560 1250 noster

490 1292 545 1335 sua
567 1273 716 1334 latitudine
742 1272 940 1352 complectitur
968 1270 1066 1353 bunos
1094 1266 1239 1334 inarimos
1265 1269 1328 1333 sira
1355 1273 1559 1352 triumphalem

490 1360 525 1419 de
547 1379 604 1437 qun
625 1356 789 1438 postellus
812 1354 893 1417 initio
915 1354 1135 1418 Dissertatinuis
1158 1357 1194 1416 de
1215 1355 1349 1436 Trisagii
1380 1356 1496 1436 origiue
1518 1356 1559 1417 ri·

489 1444 599 1504 dendus
619 1441 724 1502 Petrus
745 1442 782 1504 A.
804 1441 837 1506 V.
854 1441 891 1505 D.
913 1439 955 1503 Μ.
979 1461 1065 1520 qoem
1086 1448 1155 1520 puto
1177 1460 1242 1501 esse
1257 1439 1374 1502 Petrum
1388 1442 1482 1518 stix,
1502 1441 1559 1506 lbe-

490 1528 680 1589 formatorum
701 1527 844 1603 qnondam
866 1523 1088 1586 carnotensium
1112 1535 1272 1602 pastorem,
1294 1558 1399 1602 -·,-
1428 1525 1571 1606 Hymnus

489 1621 585 1673 autem
601 1609 785 1688 triumphalis
807 1629 863 1670 nou
885 1609 953 1669 aliis
975 1628 1060 1688 quam
1083 1608 1130 1670 his
1150 1608 1242 1670 nostri
1262 1608 1361 1669 serbis
1382 1608 1557 1689 absolviturr

490 1695 631 1769 Sanetus,
666 1692 808 1773 Sanctus,
842 1693 967 1754 Sanctus
996 1691 1139 1754 Dominus
1174 1695 1254 1754 Deus
1283 1691 1423 1757 Sabaoth.
1476 1691 1554 1756 Pleni

488 1791 556 1842 suut
577 1777 650 1839 coeli
677 1788 705 1838 et
725 1788 804 1838 terra
826 1775 984 1838 maiestatis
1004 1776 1117 1856 gloriae
1139 1794 1225 1843 'suae
1269 1775 1401 1856 Denique
1430 1796 1558 1838 remun-

488 1883 555 1925 ucm
574 1861 656 1921 illam
679 1862 866 1942 doxologiam
887 1860 1023 1921 Gloria
1049 1860 1156 1920 Patri
1183 1873 1217 1921 et
1240 1861 1343 1934 Filio
1373 1870 1409 1921 et
1431 1859 1557 1941 Spir'i·

490 1945 543 2010 tui
562 1945 704 2006 Sancto
726 1979 767 1991 -—
789 1979 831 1992 -
858 1946 984 2023 hymnus
1007 1944 1052 2004 Ta
1080 1942 1173 2006 Deum
1197 1943 1305 2023 aliique
1335 1944 1451 2005 similes
1479 1964 1556 2004 cnm·

492 2031 670 2112 prehendunt
698 2039 726 2089 et
753 2028 915 2107 explicant,
944 2030 1114 2089 observante
1141 2026 1220 2090 Guil.
1250 2025 1411 2106 Beseregio
1434 2027 1486 2090 lib.
1508 2027 1554 2092 tlt.

490 2114 602 2177 Vindio.
623 2112 695 2177 Cas.
717 2116 812 2193 Apro
826 2112 865 2190 V,
878 2132 926 2175 no.
939 2113 970 2173 7.
984 2145 1027 2158 —
1040 2142 1082 2156 -
1095 2111 1239 2187 Quoniam
1255 2112 1350 2191 itaque
1364 2114 1491 2191 hymnus
1505 2131 1557 2173 uo·

489 2209 550 2261 ster
562 2219 599 2260 ex
613 2198 725 2259 Graeco
741 2196 912 2276 praesertim
928 2195 1066 2257 matutino
1080 2196 1248 2275 desumptus
1262 2207 1323 2273 est,
1344 2197 1372 2256 iu
1388 2196 1470 2256 illius
1483 2218 1555 2278 ιιιιι-

488 2302 543 2362 qrre
558 2280 809 2358 locumsocecssit,
823 2279 863 2339 ita
877 2279 991 2359 quidem
1007 2290 1039 2340 ut
1052 2278 1081 2340 in
1096 2279 1555 2362 latinaecelesiasemperdieatnr

487 2377 552 2447 post
580 2367 709 2428 ultimam
740 2364 889 2424 lectionem
919 2364 1082 2439 (Matutini)
1115 2364 1145 2440 ip
1177 2362 1310 2448 omnibns
1337 2364 1502 2427 Dominicis
1528 2374 1556 2426 st

487 2449 581 2532 lestis.
600 2483 642 2497 -
663 2483 705 2497 -
726 2448 788 2510 Nee
807 2448 962 2527 quidquam
984 2446 1109 2510 dnbitori
1131 2449 1246 2525 attinet,
1279 2450 1347 2529 qniu
1375 2448 1474 2510 Latini
1496 2449 1555 2510 alis

486 2535 576 2596 etiam
596 2532 775 2594 Graecorum
796 2531 926 2594 earmina
946 2531 1049 2593 imitati
1077 2532 1145 2596 sint.
1187 2534 1227 2615 (0
1255 2533 1307 2593 lux
1340 2535 1426 2604 beata
1453 2531 1583 2594 Trioni-1

486 2630 545 2693 tas,
569 2621 672 2695 Agnus
693 2615 746 2676 Dei
769 2616 866 2697 etr.)“
909 2618 978 2678 ltem
1007 2616 1038 2676 in
1065 2618 1236 2678 seutentiam
1259 2616 1402 2678 Tentnelii
1435 2617 1555 2679 discedit

484 2705 615 2767 Laxicon
636 2702 840 2763 chlerianum
862 2722 887 2763 s.
910 2723 937 2764 s.
961 2702 1007 2762 Te
1028 2699 1132 2765 Deum.
1177 2699 1264 2778 „Der
1287 2699 1456 2763 lateinisehe
1476 2702 1563 2768 Text,

484 2789 516 2850 in
543 2788 636 2850 Prusa
664 2786 748 2847 sollte
778 2786 842 2845 buld
869 2786 915 2846 dic
944 2785 1175 2866 Mntbmassuug
1204 2786 1373 2862 bostr'irkeu,
1394 2787 1441 2847 als
1464 2790 1501 2849 ob
1523 2808 1553 2847 er

485 2893 541 2933 uur
563 2872 626 2932 elue
650 2870 867 2947 Uebersetnuug
895 2870 1002 2930 eines
1030 2871 1119 2930 oder
1146 2871 1247 2931 melrr
1272 2869 1377 2930 Lieder
1404 2872 1456 2931 der
1476 2871 1553 2932 alten

487 2955 622 3018 Christro
645 2972 699 3013 aus
721 2954 772 3012 der
793 2952 1143 3032 griechischenSproebc
1166 2960 1253 3017 wilre.
1296 2953 1379 3016 Doelr'
1404 2956 1463 3016 will
1488 2975 1552 3017 meu

484 3042 564 3101 diese
586 3039 812 3116 Mntbmassung
827 3037 1015 3098 Nicroondem
1038 3039 1244 3115 notoringmr‘
1285 3039 1350 3117 Ego
1371 3059 1442 3100 sero
1464 3060 1552 3101 unum

483 3139 552 3205 puto
574 3123 721 3197 exstitisse
743 3123 883 3200 lryrnnum
905 3121 1082 3182 Graecorum
1105 3117 1253 3198 ἑωθινόν,
1283 3143 1320 3183 ex
1350 3144 1407 3202 qno
1431 3144 1551 3203 expres-¹

482 3207 608 3271 sumsit
628 3205 843 3268 anuticrom'l‘e
864 3205 938 3266 Deo
951 3227 989 3266 ιιι.
1038 3205 1133 3268 Huius
1154 3206 1253 3288 hymni
1283 3209 1477 3284 fragmentum
1499 3230 1552 3270 cx·

482 3294 561 3356 hibet
590 3288 656 3372 ὠδὴ
686 3291 738 3352 illa
763 3309 800 3350 ex
831 3287 936 3350 Codice
967 3289 1165 3351 Alexandrino
1193 3291 1335 3369 descripta
1364 3292 1393 3352 iu
1423 3293 1550 3372 strophis

483 3390 546 3438 octo
579 3377 742 3456 prioribus,
776 3393 845 3433 voce
868 3373 967 3456 Ἀμὴν
993 3375 1153 3437 conclusisr
1188 3395 1255 3437 uam
1289 3376 1411 3456 stropha
1440 3397 1550 3457 qnoque

483 3461 608 3539 septima
629 3471 714 3538 atque
737 3468 837 3518 octava
859 3458 889 3519 iu
910 3468 990 3518 textu
1012 3458 1125 3538 volgari
1154 3461 1229 3521 haud
1252 3480 1394 3538 expressa
1417 3464 1549 3538 occurrit,

483 3555 513 3605 ut
537 3544 613 3604 inira
636 3543 760 3622 patebit,
783 3542 813 3603 in
835 3554 1014 3603 vetustorum
1037 3544 1166 3604 codicum
1188 3543 1342 3622 scriptura.
1392 3545 1479 3607 Hune
1498 3547 1549 3626 by·

482 3646 582 3687 mnum
602 3628 780 3687 Graecorum
803 3637 947 3688 vetustum
978 3627 1006 3688 iu
1028 3627 1151 3689 diversis
1178 3629 1364 3690 occidentalis
1393 3631 1476 3708 regui
1505 3650 1549 3691 re·

480 3709 618 3789 giouibus
638 3707 746 3771 diuersi
767 3709 900 3769 lecerunt
922 3710 1060 3772 latinum:
1087 3722 1115 3772 et
1143 3712 1274 3773 libertate
1297 3715 1421 3791 quadam
1443 3718 1475 3775 iu
1495 3713 1548 3775 heo

479 3793 597 3874 negotio
624 3794 670 3854 nsi
699 3802 774 3856 snut.
824 3792 891 3853 lode
918 3794 1002 3854 ssrrxit
1030 3794 1191 3874 scripturae
1214 3795 1339 3859 varietas
1362 3817 1437 3876 quaa
1458 3799 1549 3860 maier

480 3889 634 3957 estonam
656 3875 768 3938 utalia
791 3876 900 3936 ratione
925 3877 1015 3956 possit
1031 3878 1179 3959 ¹intelligi3
1207 3882 1272 3942 iude
1293 3883 1423 3943 manarit
1446 3881 1547 3944 inseri·

478 3964 608 4045 ptiounm
629 3961 659 4023 in
681 3959 847 4021 auctoribus
868 3960 1071 4040 discrepantia.
1115 3964 1167 4027 vet
1188 3965 1353 4043 interpretis
1372 3987 1480 4030 mouns
1499 3987 1547 4029 su·

479 4049 571 4128 serpit
592 4042 807 4120 Abundius,
830 4044 876 4103 rel
898 4044 1118 4110 Sisebotnsr
1139 4052 1215 4130 apud
1237 4050 1310 4119 alios
1331 4070 1453 4130 operam
1473 4051 1546 4112 dedit

476 4131 598 4194 carmini
621 4131 777 4193 Nicetes
805 4127 866 4189 sire
890 4128 1081 4207 Nicetius,
1111 4131 1135 4192 si
1158 4134 1208 4194 tibi
1233 4135 1342 4214 placet,
1364 4156 1458 4214 neque
1480 4135 1545 4199 fli-

476 4217 614 4279 larium
636 4212 843 4296 praetermitto.
894 4212 951 4272 Sed
975 4214 1135 4276 maximum
1159 4219 1293 4297 plurmum
1319 4219 1383 4279 tulit
1406 4220 1546 4301 interpre-

473 4301 543 4363 tatio
570 4301 602 4363 S.
631 4295 845 4374 Ambrosii,
879 4297 1005 4377 primnrn
1041 4300 1254 4364 Mediolanensi
1289 4304 1377 4365 ebore
1406 4305 1545 4373 destinato

474 4386 655 4467 postmodum
685 4403 703 4446 a
730 4391 789 4443 teta
819 4382 944 4444 ecclesia
973 4395 1097 4462 recepta.
1136 4387 1329 4466 ¹Quapropter
1350 4388 1421 4454 liure
1448 4390 1542 4468 alique

472 4470 676 4532 nominabatur
690 4488 726 4530 ac
738 4467 900 4531 nominatur
921 4466 1089 4547 Hysmuus
1109 4471 1398 4540 Ambrosianus.
1433 4473 1541 4536 Debeo

469 4553 578 4635 brono
597 4573 693 4616 sermo
723 4560 767 4616 est
795 4552 826 4617 iu
853 4551 916 4615 loco
945 4551 1093 4637 Ambrosii
1121 4573 1212 4636 snpra
1241 4556 1356 4621 madata
1386 4563 1429 4642 (p.
1451 4559 1540 4639 toti:
