3750 5400
933 629 1022 766 'uo
1106 773 1108 780 ,

446 913 453 921 „
503 870 555 934 11.
596 870 688 933 Pedes
708 866 889 950 amplectitur
901 864 1075 945 dominicos,
1094 862 1234 946 lacrymis
1250 861 1331 936 lavat
1355 861 1446 942 tergit
1464 859 1525 924 ori-

461 952 563 1037 niltus,
583 954 721 1035 lavando,
744 956 1069 1035 tergendo,“unguento
1087 951 1187 1042 unxit,
1209 948 1317 1012 osculis
1338 947 1448 1011 circuit.

506 1056 557 1123 12.
598 1055 678 1119 Haec
705 1067 772 1119 suut
799 1054 948 1133 conuiuia,
976 1072 1049 1134 quac
1076 1052 1127 1115 tibi
1156 1052 1286 1134 placent,
1316 1051 1335 1112 o¹
1363 1048 1455 1130 patris
1474 1067 1527 1112 sa-

466 1151 584 1221 psentia.

471 1260 477 1274 ·
491 1241 559 1340 «13.
601 1241 694 1306 Natus
708 1242 743 1302 dc
756 1240 869 1322 virgins
889 1239 937 1322 qni
951 1257 1009 1301 nou
1021 1236 1187 1321 dedignaris
1208 1236 1289 1318 tangi
1309 1237 1344 1299 dc
1358 1235 1529 1316 peccatrice.

508 1342 560 1408 14.
601 1346 629 1407 Α
651 1342 804 1424 pharisaeo
825 1362 857 1405 es
880 1342 1031 1430 incitatus:
1053 1339 1167 1403 Mariae
1188 1338 1484 1414 ferculissatuvatus.
1566 1333 1575 1357 '

510 1445 561 1507 ld.
597 1444 729 1544 'Multum
757 1443 876 1507 dimittis
903 1443 1027 1506 multum
1051 1441 1177 1520 amanti,
1210 1460 1263 1502 nco
1290 1439 1401 1502 crimen
1428 1448 1533 1521 postra'

468 1538 618 1610 repetentu.

511 1631 562 1695 16.
604 1626 774 1692 Daemoniis
793 1645 858 1691 curn
879 1637 990 1710 septem
1009 1628 1132 1691 mundas
1152 1626 1329 1707 septiformis
1350 1627 1481 1709 spiritus.

512 1733 564 1795 17.
606 1729 655 1793 Ex
674 1729 795 1791 mortuis
817 1740 843 1792 ta
864 1739 1032 1811 surgentem
1051 1731 1104 1791 das
1124 1729 1234 1791 cunctis
1255 1728 1353 1791 videre
1375 1729 1504 1810 priorem

512 1832 564 1895 18.
608 1830 687 1908 Hau,
709 1828 841 1908 Christe,
868 1829 1037 1912 proselitum
1058 1830 1159 1910 signas
1180 1829 1348 1893 ecclesiane
1375 1850 1463 1911 quam
1494 1832 1534 1893 ad

472 1916 599 1980 filiorum
622 1932 753 1977 mensam
774 1913 867 1977 vocas'
882 1916 1088 1995 alienigenam.
1509 1953 1515 1958 -

483 2015 489 2028 ’
514 2017 565 2080 19.
607 2018 702 2094 Quam
726 2013 800 2076 inter
821 2015 954 2076 convivia
973 2014 1049 2095 legis
1062 2021 1099 2076 'et
1117 2014 1229 2095 gratiae
1250 2014 1360 2096 speruit
1380 2014 1534 2077 Pharisaei

473 2101 586 2179 fastus,
606 2100 689 2192 lepra
709 2110 795 2160 uexat
813 2099 969 2163 haeretica.
1038 2159 1044 2171 ,

515 2200 569 2265 20.
612 2199 717 2278 Qualis
739 2199 777 2261 sit
797 2208 828 2263 tu
850 2201 925 2263 saiso
946 2199 1039 2282 tangit
1059 2209 1087 2262 te
1109 2199 1178 2281 quia
1197 2197 1361 2282 peccatrix.
1388 2199 1457 2280 quia
1476 2202 1537 2283 {ve-

474 2285 540 2348 uiao
562 2285 700 2368 optatrix.
1493 2287 1498 2291 ’

516 2386 569 2454 21.
613 2384 758 2464 Quidnam
778 2386 897 2449 lralrcret
916 2404 1024 2467 aegra,
1043 2386 1068 2447 si
1085 2383 1335 2467 non‘aoccpisset‚
1356 2384 1383 2448 si
1403 2405 1462 2447 non
1475 2406 1540 2448 me

476 2471 558 2533 dicus
580 2472 703 2535 adesset.

517 2572 570 2636 22.
614 2573 683 2638 Rex
709 2591 813 2653 regum
840 2571 921 2634 dives
950 2570 981 2633 in
1008 2590 1124 2633 omnes=
1150 2590 1204 2631 nos
1224 2570 1327 2649 salva,
1353 2580 1537 2653 peecatorum

478 2666 594 2741 tergens
615 2655 876 2737 communimine,
898 2665 1063 2719 martorum
1081 2673 1149 2737 spes
1171 2664 1198 2717 et
1219 2655 1325 2737 gloria.

938 2827 1081 2840 ..-—.-....

565 2958 785 3024 Godesclralkus
812 2959 1050 3041 quemadmodum
1083 2958 1261 3022 antecedenti
1285 2934 1442 3042 Sequentia
1476 2981 1542 3030 ma·

388 3038 392 3051 ’
482 3065 573 3127 mum
598 3046 785 3126 Apostolum,
810 3065 827 3107 a
848 3044 938 3107 Saule
966 3043 997 3108 in
1024 3044 1148 3107 Paulum
1175 3065 1344 3109 conversum
1372 3047 1565 3126 celebravit,¹

481 3131 542 3194 iam
572 3131 627 3193 hoc
654 3131 781 3192 carmine
809 3130 917 3210 insigni
945 3140 973 3190 ct
998 3128 1181 3210 simplicitate
1209 3140 1237 3190 et
1264 3131 1439 3193 surlrlimitatc
1460 3132 1542 3195 aliud

482 3215 673 3278 confessionis
693 3215 874 3296 praeclarum
896 3223 993 3276 cantat
1013 3214 1197 3294 exemplum,
1225 3215 1422 3278 dulcissimam
1448 3217 1543 3298 ipsius

483 3300 632 3382 angelicae
652 3300 834 3362 exultationis
854 3300 1016 3363 materiam.
1062 3299 1140 3361 Sane
1160 3320 1228 3362 uero
1249 3300 1372 3363 historia
1388 3301 1563 3381 Magdala.

483 3405 556 3464 nae,
589 3402 676 3465 quam
702 3384 876 3466 Franciscus
889 3380 1048 3446 'Salonius'
1061 3386 1194 3464 reginam
1217 3385 1408 3448 confitentium
1438 3406 1545 3467 pecca-

485 3479 580 3530 torum
611 3467 771 3547 praedicat,
800 3478 879 3528 tanto
906 3467 1048 3529 suavitate
1074 3469 1189 3530 animos
1224 3480 1252 3530 et
1277 3478 1352 3532 tenet
1386 3478 1414 3532 et
1439 3481 1547 3550 movet,

486 3563 517 3614 ut
537 3571 596 3612 non
617 3551 770 3626 miremur,
798 3552 872 3629 quod
896 3552 933 3612 ab
961 3551 1089 3612 omnium
1117 3554 1178 3614 fere
1200 3560 1360 3634 temporum
1381 3553 1473 3633 poetis
1495 3575 1546 3618 sa·

423 3680 429 3697 .
486 3635 544 3698 aris
558 3633 733 3696 carminibus
753 3652 892 3712 persaepe
913 3635 1030 3696 laudata
1049 3634 1088 3696 sit
1101 3646 1128 3697 et
1152 3635 1304 3700 celebrata.
1346 3642 1478 3702 Necnon
1491 3661 1546 3711 nov

486 3740 554 3783 meu
574 3721 636 3779 eins
658 3717 689 3778 iu
709 3718 896 3780 festivitatum
917 3717 1010 3778 indice
1041 3719 1086 3780 bis
1107 3720 1153 3782 vel
1175 3730 1219 3781 ter
1237 3721 1344 3801 legitur
1363 3725 1544 3805 inscriptum.

487 3805 564 3867 Nam
578 3812 692 3883 praeter
711 3803 816 3864 festum
838 3802 1007 3882 primarium
1026 3803 1089 3864 eius
1109 3805 1217 3886 (llllll.
1231 3807 1314 3885 lul),
1336 3811 1408 3888 quod
1428 3809 1458 3870 in
1480 3807 1547 3890 qui·
1584 3870 1586 3875 ,

488 3890 607 3951 liusdam
630 3887 801 3949 calendariis
817 3888 924 3950 Octava
946 3899 1077 3950 ornatum
1101 3899 1210 3967 exstat,
1232 3894 1362 3973 quodque
1383 3895 1478 3956 solnm
1499 3913 1546 3954 re·

488 3973 599 4056 paritur
626 3970 657 4033 iu
682 3971 830 4034 Breviario
858 3972 1008 4049 Romano,
1035 3974 1066 4035 iu
1094 3974 1297 4037 vetustioribus
1318 3978 1402 4040 lituris
1423 3988 1471 4040 sat'
1487 3979 1548 4040 frc-

490 4078 582 4144 quens
613 4065 657 4118 est
685 4055 825 4119 festivitas
854 4055 1059 4120 conversionis
1092 4056 1127 4120 B.
1156 4058 1199 4121 M.
1227 4062 1262 4138 (l.
1294 4062 1341 4122 vel
1368 4061 1406 4126 X.
1436 4062 1483 4123 vel
1505 4063 1561 4124 Xl'

490 4144 537 4205 die
548 4140 647 4206 Martii
668 4141 715 4203 vel
735 4141 809 4203 feria
822 4140 857 4204 V.
870 4150 933 4221 post
947 4141 1043 4203 ludica
1064 4145 1100 4203 oli
1114 4140 1306 4223 Evangelium
1320 4144 1391 4227 diei)
1405 4145 1550 4213 interdum

361 4229 364 4233 ’
492 4227 579 4289 etiam
591 4225 710 4288 Festum
723 4225 938 4288 'l'rauslationis
952 4226 1081 4293 occurrit.
1101 4226 1164 4307 (lv.
1179 4229 1272 4310 Nou.)
1293 4231 1325 4290 ln
1346 4232 1469 4293 ecclesia
1488 4233 1551 4293 Lu-

367 4355 371 4361 ,
492 4311 624 4374 theriana
644 4310 784 4373 festivitas
811 4310 924 4372 Mariae
945 4310 1138 4390 Magdalenae
1159 4313 1189 4374 iu
1210 4313 1358 4376 nonnullis
1379 4316 1551 4396 regionibns

346 4666 417 4734 ἱ

492 4398 683 4477 pangebatur.
731 4396 816 4490 Apud
846 4397 992 4457 Ludecum
1018 4394 1146 4458 officium
1172 4398 1297 4479 legimus
1325 4400 1435 4464 Missae
1464 4411 1551 4481 atque

493 4483 645 4558 horarum,
679 4479 711 4544 in
738 4501 793 4563 quo
821 4480 942 4542 collecta
968 4483 1162 4544 tautummodo
1189 4484 1275 4564 idque
1294 4505 1350 4547 uon
1372 4487 1551 4548 incommode
1577 4508 1583 4529 ¹

496 4573 668 4649 commutata
687 4575 741 4634 cst.
780 4563 921 4641 Posthnco
943 4564 1005 4637 cius
1019 4567 1176 4648 memoria,
1197 4589 1270 4649 quaa
1283 4590 1322 4637 ex
1337 4573 1447 4636 Christi
1467 4591 1553 4636 man·
