3750 5400
899 704 968 778 28

397 880 431 942 d.
453 876 561 941 XXIX.
582 867 724 959 Augusti,
752 898 820 942 raro
845 879 876 941 iu
896 879 962 961 ipsa
983 881 1015 944 S.
1037 879 1155 943 loannis
1182 873 1338 942 trstiritatd
1359 873 1468 962 priariss

400 962 473 1043 paii.
515 962 591 1024 Cum
611 976 782 1043 argumento
805 965 942 1028 carminis
963 966 1013 1027 atii
1036 966 1134 1044 hymni
1163 966 1210 1044 quui
1238 967 1373 1045 permuttt
1393 976 1468 1044 sum,

398 1048 535 1126 aliaeque
565 1047 737 1127 &qurerrtiae
759 1051 792 1114 S.
814 1051 930 1111 ioaauis
951 1051 1141 1112 coarterendao
1168 1061 1243 1114 suut.
1286 1051 1399 1129 Magoa
1424 1062 1468 1113 est

399 1132 481 1193 enim
499 1127 555 1192 hoo
576 1132 640 1193 ioco
663 1133 736 1193 iuter
758 1129 910 1196 roterisa'c
931 1128 1098 1196 recentioris
1127 1133 1266 1195 ecciesiae
1293 1134 1380 1195 ritum
1408 1136 1470 1197 dis·

400 1216 561 1293 crepantia.
611 1215 685 1278 Cum
707 1217 738 1278 iu
757 1220 811 1281 iiio
825 1220 946 1280 ioaaurs
976 1218 1114 1299 priaripis
1141 1218 1202 1279 ieie
1223 1216 1396 1280 christianae
1417 1240 1470 1280 ao·

399 1300 543 1380 tiqaitatis
557 1301 666 1362 iiouore
675 1289 826 1379 timeretur,
841 1304 996 1384 atqrroeius
1011 1312 1106 1368 esseut
1120 1301 1291 1365 festivitates
1302 1302 1469 1381 'complures
1570 1366 1572 1373 ,

402 1389 533 1465 (praeter
548 1386 734 1448 Nativitatem
757 1397 785 1449 et
804 1387 1030 1449 Deroiiatiouem
1053 1388 1138 1447 etiam
1160 1388 1381 1466 deprehenditur
1391 1387 1470 1447 Corr-

402 1470 498 1549 ceptio
517 1471 616 1540 loauu.
638 1471 742 1536 xxiv.
763 1472 844 1554 Sept.
864 1475 894 1534 ε.
919 1492 950 1552 g.
976 1474 1008 1534 iu
1035 1470 1155 1535 Caieud.
1183 1472 1468 1558 Braudcnimrgensi)
1515 1483 1517 1488 '

386 1555 543 1639 &mutuique
565 1576 713 1618 sermones
734 1558 768 1618 do
791 1556 1110 1636 praecursoreJtomiui
1133 1556 1321 1617 haberentur:
1341 1556 1426 1618 hodie
1439 1557 1469 1617 ia
1517 1592 1522 1615 .

402 1637 540 1701 Romarm
556 1635 685 1702 'erotesis
704 1642 810 1702 testam
840 1641 956 1703 ioorruis
983 1640 1151 1721 primarium
1179 1640 1237 1701 rito
1265 1640 1379 1718 quidem
1406 1642 1470 1701 Du·

402 1722 491 1803 plicis
513 1724 535 1787 1.
557 1722 602 1785 (11.
618 1733 689 1785 'taum
712 1726 820 1787 Octava
841 1744 876 1786 ac
899 1723 1057 1787 Deceliatio
1088 1725 1217 1786 eiusdem
1244 1723 1338 1785 officio
1360 1725 1466 1804 dupiici
1542 1737 1547 1757 ⁴
1568 1721 1574 1732 ²

401 1806 508 1868 maiori
530 1818 677 1885 servatur,
698 1811 747 1870 sed
771 1810 801 1871 iu
822 1809 920 1871 maritis
937 1810 1118 1870 dioecesibus
1142 1829 1198 1869 uon
1213 1808 1339 1888 amplius
1362 1819 1405 1868 est
1426 1810 1470 1869 se·

403 1901 484 1972 stpm
503 1891 558 1951 iuri
581 1894 626 1953 ret
651 1894 758 1973 populi.
803 1901 897 1973 Atque
912 1896 1108 1956 Protestantes
1129 1892 1220 1972 ipsius
1240 1894 1358 1956 Lotirori
1380 1895 1470 1954 verim

403 1974 614 2054 negtexerunt:
636 2023 654 2053 ‚‚
663 1978 706 2040 St.
728 1979 863 2041 iohannis
878 1979 948 2039 Fest
968 1982 1019 2038 des
1041 1978 1169 2039 Taruters
1188 1977 1246 2038 sotl
1268 1996 1333 2037 man
1357 1978 1471 2038 titeihcn

383 2058 521 2134 dassen,
549 2080 586 2126 an
616 2063 679 2122 dem
710 2064 772 2125 sich
801 2066 853 2124 das
881 2083 954 2124 neue
983 2064 1152 2124 Testameat
1180 2061 1364 2142 'augetaugcn
1392 2063 1472 2123 hat.“
1523 2077 1529 2084 “

405 2143 538 2225 (Walrh.
560 2143 657 2223 xxti,
675 2149 794 2226 tdlti.·):
815 2148 935 2227 ideoque
950 2148 980 2208 in
993 2146 1127 2225 piurimis
1141 2146 1272 2208 ecelesiis
1293 2146 1342 2227 pia
1356 2148 1471 2208 loauuis

404 2228 548 2291 memoria
569 2230 642 2300 iacet
662 2234 786 2312 sepulta.
800 2267 842 2277 —
857 2233 884 2294 l.
907 2231 957 2297 Ps.
976 2227 1084 2307 XLVI,
1105 2231 1136 2294 d.
1157 2231 1187 2296 7.
1213 2238 1321 2289 Pulliae
1344 2232 1399 2289 Deo
1422 2257 1472 2289 no·
1498 2233 1503 2245 “

404 2311 460 2383 'stro
475 2313 597 2387 psallite,
613 2316 719 2383 psallite
738 2321 795 2389 regi
813 2329 898 2367 nostro
913 2316 1028 2386 psallite.
1066 2317 1193 2380 Quoniam
1218 2331 1264 2362 rex
1285 2316 1365 2362 arronis
1390 2326 1473 2363 terrae

406 2390 493 2453 Deus,
517 2390 624 2460 psallite
640 2394 775 2459 cupienter.
803 2386 880 2447 ‘Adr
902 2395 1032 2441 Hortatur
1053 2403 1130 2458 poeta
1151 2387 1272 2459 populum
1297 2390 1333 2437 ad
1352 2387 1472 2456 psallen-

407 2465 487 2527 dum,
510 2468 593 2533 primo
615 2468 736 2520 earnalia
755 2471 859 2522 laudem
881 2480 906 2517 st
921 2468 1036 2537 gloriam
1054 2467 1157 2516 divinoe
1174 2464 1279 2513 deitatis
1296 2476 1419 2528 quamam
1436 2463 1493 2538 ad¹

407 2541 557 2605 essentiam,
572 2543 711 2593 daiudarar
721 2558 844 2609 quantum
860 2546 897 2594 ad
905 2560 1036 2612 parsprras.
1071 2532 1154 2607 Quod
1174 2526 1307 2591 subliiius
1328 2529 1471 2609 proiaiu'ttl
1519 2581 1521 2586 .

408 2623 469 2687 ost,
491 2632 578 2691 quam
591 2624 621 2678 ut
640 2617 729 2693 possit
750 2615 876 2697 predari.
919 2615 1042 2694 Propter
1053 2633 1204 2676 numerum
1218 2612 1398 2707 syliaiparum
1414 2631 1474 2673 vox

409 2695 576 2761 Psallite
604 2697 650 2762 tris
670 2712 779 2763 tautum
802 2702 833 2763 iu
853 2703 909 2764 troo
929 2713 1069 2761 commata
1095 2702 1178 2761 debet
1199 2697 1268 2776 legi.
1316 2697 1347 2759 2.
1367 2696 1419 2759 Fr.
1436 2694 1473 2759 io
1539 2704 1543 2713 '

409 2780 571 2846 eithara.
590 2782 634 2845 M.
649 2785 698 2849 10.
718 2802 753 2847 et
774 2807 799 2849 c.
841 2789 872 2850 4.
895 2786 959 2847 Hoc
978 2787 1115 2865 psalterio
1137 2785 1184 2846 rel
1206 2783 1316 2844 eithara
1337 2779 1482 2843 carminis

382 2874 385 2879 ⁴
410 2863 430 2931 i.
451 2884 478 2928 e.
501 2866 603 2947 lingua
630 2889 683 2931 sua
710 2871 811 2932 orciuit
837 2872 868 2932 iu
888 2870 1011 2932 erecicsia
1033 2872 1130 2951 proies
1154 2867 1256 2929 matris
1278 2867 1385 2927 sterilis
1406 2874 1473 2926 nato

410 2948 551 3032 virginis,
573 2954 686 3014 domiuo
709 2976 772 3020 suo.
815 2959 845 3024 6.
869 2955 974 3018 Omisit
995 2957 1082 3017 Torr.
1104 2953 1167 3018 Col.
1189 2952 1244 3028 iii,
1266 2953 1300 3012 δε
1320 2958 1475 3026 rnonificare

411 3061 472 3111 argo
490 3046 602 3093 membra
619 3058 701 3095 vestra
722 3067 787 3111 quae
803 3067 876 3116 super
892 3059 986 3096 ter-ram
1004 3060 1072 3097 sunt.
1106 3039 1136 3098 8.
1158 3038 1209 3098 Fr.
1232 3037 1285 3097 Ad.
1308 3028 1472 3092 resisiii·

412 3117 464 3178 ll.
486 3115 610 3193 Quiesce
632 3153 672 3165 —-
694 3138 775 3179 cessa
797 3121 831 3178 de
854 3128 981 3198 peccato.
1025 3119 1074 3180 12.
1095 3121 1143 3184 Ps.
1173 3119 1268 3195 Lvu,
1295 3117 1375 3178 4.·5.
1394 3123 1473 3190 juror
1545 3144 1549 3153 ·
1579 3139 1589 3165 r

411 3201 465 3252 illis
485 3206 622 3254 secundum
639 3205 831 3254 similitudinem
847 3206 967 3270 serpentis
989 3205 1054 3252 sicut
1075 3210 1172 3276 aspidis
1196 3208 1289 3254 surdae
1307 3213 1330 3250 et
1347 3203 1474 3278 pdtttran·

412 3278 445 3326 tis
463 3296 538 3329 aures
554 3297 616 3330 ruas
631 3298 697 3344 quae
712 3300 760 3330 non
779 3281 899 3330 exaudiet
917 3300 998 3332 vorem
1011 3281 1209 3332 incantantium.
1244 3270 1372 3348 Egregie
1386 3261 1474 3319 '¹⁸⁰¹'ss

413 3353 493 3420 Aspis
510 3364 547 3402 ast
564 3355 658 3420 species
674 3356 793 3421 serpentis
810 3373 875 3418 quae
891 3374 948 3404 rum
966 3357 1041 3404 audit
1057 3357 1242 3406 incantatorem
1255 3373 1341 3404 aurem
1360 3348 1475 3408 obstrusit)

413 3445 492 3476 anam
512 3439 596 3477 terrae
620 3429 768 3495 applicans,
792 3430 818 3476 in
842 3427 953 3478 alteram
978 3426 1033 3480 va'ra
1058 3434 1168 3484 vaurdam
1191 3445 1316 3497 torquens.
1353 3419 1403 3481 13·
1423 3412 1475 3478 FT·

413 3499 463 3562 lu.
484 3520 684 3567 carcerem.
726 3503 812 3564 Notat
826 3512 910 3581 poeta
923 3502 970 3584 ret
991 3501 1204 3566 simulationem
1216 3501 1309 3582 reguli
1332 3504 1377 3564 ret
1392 3503 1478 3576 iguo*
1532 3509 1542 3582 f
1582 3530 1586 3542 ·

413 3583 502 3648 viam.
547 3587 597 3649 14.
617 3582 731 3648 Lucis
751 3589 796 3648 vei
819 3588 855 3648 ad
875 3588 1021 3649 lucernam
1044 3587 1090 3648 roi
1103 3589 1139 3649 ad
1153 3588 1353 3668 omnipotentis
1372 3581 1475 3649 reterri

413 3680 518 3750 potest.
547 3671 621 3734 Lud.
657 3671 688 3732 ia
722 3693 775 3737 rma
808 3671 965 3732 lucerua
1000 3671 1132 3734 lucens
1165 3682 1196 3734 ut
1225 3674 1265 3736 Ιο.
1291 3673 1334 3751 V,
1362 3672 1413 3735 35.
1439 3664 1478 3732 Η.

415 3755 582 3830 cmxix,
604 3755 635 3818 3.
655 3757 687 3817 4.
702 3765 806 3814 lucerna
826 3766 920 3814 Christi
936 3778 959 3815 et
976 3767 1084 3832 perpetis
1102 3767 1261 3834 evangelista
1279 3765 1391 3816 luminis.
1429 3752 1478 3815 15.

413 3839 436 3905 l.
461 3848 522 3901 erat
544 3839 654 3901 amiras
678 3839 801 3911 Christi,
822 3837 954 3900 Herodes
974 3838 1079 3898 diaboli
1102 3839 1184 3901 curius
1206 3838 1316 3900 deliciis
1337 3835 1479 3901 studebat.

415 3923 454 3988 oi.
475 3923 517 3988 io.
545 3923 641 4002 111111,
670 3925 719 3987 12.
770 3925 820 3987 16.
846 3924 896 3987 Pr.
925 3935 1014 3984 ueta
1042 3932 1230 4002 precatur.
1258 3926 1359 3992 Tora:
1383 3937 1413 3985 tn
1431 3934 1478 3980 1100

415 4029 490 4059 versu
507 4024 543 4061 ast
561 4010 630 4062 color
653 4011 805 4069 rhetoricus,
831 4011 873 4075 qui
896 4011 990 4061 dicitur
1012 4010 1152 4062 dissolutio.
1195 4013 1229 4060 Et
1248 4023 1284 4061 est
1307 4011 1375 4075 aljar
1399 4007 1477 4071 calor,

416 4080 542 4134 brevitas.
561 4099 621 4128 nam
635 4092 690 4129 tota
705 4077 880 4128 decollationis
897 4078 1001 4126 Ioannis
1012 4078 1118 4127 historia
1131 4099 1206 4144 quarn
1225 4080 1365 4128 brera'ssime
1381 4093 1478 4126 narra-

415 4171 468 4210 tur.
507 4147 556 4208 17.
584 4146 636 4208 Fr.
663 4157 747 4205 arura
776 4144 821 4205 tit
851 4162 966 4221 quam.
992 4144 1146 4208 Luds'it.
1187 4141 1478 4208 Vocatutosaita·

418 4231 537 4294 tionis
560 4239 588 4292 et
609 4229 831 4289 sanctitatis
854 4249 890 4288 ex
916 4241 1015 4308 poetae
1037 4231 1178 4290 sententia
1193 4249 1312 4310 prorsus
1334 4226 1387 4285 sitii
1410 4231 1479 4285 sum

419 4315 575 4379 contraria.
620 4315 710 4388 Nam,
733 4323 764 4374 ut
789 4312 850 4374 rrrlt
870 4312 1111 4392 chrysostomus,
1148 4317 1197 4375 utu
1224 4322 1268 4373 est
1293 4312 1407 4371 saltatio
1437 4307 1477 4366 iti

417 4412 463 4464 est
484 4401 632 4464 diabolus:
660 4417 752 4477 raeque
779 4400 815 4458 ai·
835 4400 893 4460 trac
919 4398 1084 4458 saltantium
1110 4417 1231 4460 euasura
1252 4396 1395 4475 discrepat
1414 4396 1478 4453 du-¹

419 4483 648 4567 gostinus„qui
680 4503 794 4580 amnerp
820 4482 930 4545 motura
959 4503 1009 4545 seu
1038 4481 1145 4546 sottum
1171 4480 1345 4562 petulantiae
1372 4478 1479 4539 sottum

420 4591 485 4637 esso
513 4571 544 4634 ia
571 4569 746 4651 protundum
778 4566 884 4633 ruiorai
914 4566 1032 4633 iudicat.
1080 4569 1141 4635 Nec
1165 4565 1275 4635 imulas
1305 4563 1486 4631 Gudianus
1547 4576 1552 4586 “
