3750 5400
853 706 954 784 119¹
1031 763 1038 788 ι

355 889 423 943 onta
437 888 466 942 et
480 888 611 959 reooota,
625 878 683 944 Str.
698 881 746 944 lll.
763 889 791 943 ot
803 882 852 949 lv.
873 882 1026 964 displicent
1040 901 1075 943 ao
1094 892 1211 962 propter
1223 881 1348 943 ieiunam
1369 882 1422 944 do-

355 975 489 1045 gnatum
503 963 714 1028 enarrationem
730 974 757 1025 et
771 968 908 1030 terminos
920 969 1037 1032 srlrolao
1052 968 1146 1046 magis
1159 967 1321 1028 claudicare
1335 985 1421 1045 ortana

356 1061 474 1110 eantare
505 1049 646 1116 videntur.
695 1050 790 1112 Valde
817 1062 913 1114 autern
933 1062 1031 1115 errant
1059 1051 1096 1127 ii,
1124 1052 1172 1130 qui
1199 1051 1296 1111 dirum
1317 1053 1422 1113 rerba:

356 1133 439 1196 dies
467 1133 540 1196 illa
567 1136 737 1195 necessitate
769 1138 892 1214 quadam
919 1137 954 1198 ad
990 1137 1161 1197 antecedens
1187 1136 1327 1214 quoddam
1355 1145 1428 1196 esso'

355 1218 506 1282 trahenda.
562 1217 608 1280 Ne
640 1218 760 1281 offeram
789 1219 883 1285 lorum
914 1221 1081 1300 Sophoniae
1115 1240 1140 1281 o.
1178 1219 1198 1285 l.
1227 1222 1419 1299 (quamquam
1510 1237 1513 1242 ’

354 1304 412 1364 hoo
439 1311 517 1363 uerte
551 1302 724 1365 debellatum
752 1313 815 1381 eet)
850 1306 977 1370 lormnla
1009 1305 1100 1366 Dies
1135 1306 1215 1366 irae
1252 1322 1336 1382 qnam
1371 1322 1422 1364 so·

355 1387 417 1449 lam
435 1394 546 1466 opertet
569 1381 725 1467 pronom'on
748 1388 835 1467 illa,
864 1392 905 1451 ita
926 1399 988 1451 erat
1016 1390 1121 1450 usitata
1149 1399 1177 1449 ot
1198 1386 1330 1470 omnihus
1351 1379 1421 1448 noto

355 1471 383 1533 si
411 1472 449 1532 do
473 1472 561 1532 relius
581 1471 748 1534 novissimis
769 1494 864 1537 sermo
886 1474 987 1549 dolat,
1017 1484 1047 1535 nt
1069 1474 1148 1533 nullo
1169 1473 1311 1549 indigeret
1330 1458 1419 1531 inter'·

303 1635 309 1644 .
354 1555 527 1634 prolationis
546 1554 748 1621 additamento.
792 1558 836 1620 lta
855 1560 986 1620 Adamas
1013 1557 1042 1617 in
1071 1557 1241 1635 Sequentia:
1268 1557 1420 1616 Laudes

354 1638 488 1702 erneis
508 1639 600 1701 canit:
620 1661 686 1702 unm
708 1642 768 1703 dies
789 1643 844 1704 erit
865 1643 926 1705 irae
945 1664 982 1704 no
1005 1642 1030 1701 is
1051 1643 1150 1701 conler
1170 1651 1198 1700 et
1219 1640 1327 1718 largire
1342 1659 1439 1700 aem--

356 1726 471 1806 piterna
497 1723 661 1806 ganniat)
709 1726 830 1788 Nosmet
848 1726 938 1806 igitur
961 1726 1141 1790 arbitramur
1166 1725 1355 1784 Mantuanarn
1381 1723 1419 1783 il-

355 1809 415 1870 lam
438 1808 656 1894 Meditationem
677 1811 814 1888 carmini,
842 1823 982 1891 qnatenus
1010 1811 1047 1873 sit
1075 1811 1112 1871 tiit
1134 1808 1256 1876 ecelesia
1277 1806 1419 1869 sancitum

354 1892 431 1955 nihil
452 1893 531 1960 alind
552 1894 608 1955 uisi
633 1894 889 1974 amplificationem
916 1895 1027 1975 magis,
1057 1906 1086 1956 ot
1108 1897 1148 1953 itu
1168 1892 1260 1953 dicam
1282 1891 1419 1954 snlrieoti-
1484 1885 1506 1968 ,’

354 1996 425 2052 rant
443 1974 548 2040 offerro
570 1997 693 2056 eamque
715 1982 750 2039 oh
765 1998 884 2042 oausam
906 1981 979 2042 nihil
1001 1980 1033 2039 in
1047 1978 1219 2058 Sequentioo
1233 1978 1320 2040 huius
1336 1986 1419 2038 texto

354 2061 553 2134 eonstitrendo
574 2061 742 2138 valerent)

438 2144 485 2206 De
506 2146 596 2208 altero
618 2147 706 2208 veteri
729 2156 809 2209 texln
831 2144 1039 2207 Haemmerlini
1061 2146 1121 2219 (tl.)
1149 2143 1319 2206 M'olrnikins
1346 2143 1419 2205 haee
1496 2201 1502 2218 J

356 2229 467 2309 prodit:
488 2229 579 2315 Unter
600 2232 654 2297 den
677 2231 919 2312 Hottingerselren
938 2230 1238 2292 Handsclrrilten.'anl
1254 2230 1305 2290 der
1327 2226 1420 2289 Caro-

354 2314 500 2378 liui‘oolren
529 2315 694 2377 Bibliothek
723 2338 758 2377 zu
787 2316 895 2378 Ziirirlr
923 2314 1017 2377 finden
1045 2315 1107 2378 siolr
1133 2314 1207 2376 aneh
1234 2312 1332 2393 einige
1360 2311 1420 2373 Ge·

355 2400 467 2477 dieite,
489 2400 596 2461 teololre
615 2402 665 2459 der
687 2402 777 2461 sehon
798 2402 870 2464 olen
893 2411 1054 2478 gerrannte,
1081 2399 1249 2478 arrliinglirh
1278 2419 1313 2459 zu
1337 2396 1419 2457 Gott-

354 2483 468 2559 lielren,
493 2484 586 2544 oinem
616 2484 753 2547 Sahlosse
783 2488 833 2546 des
854 2485 988 2546 llisrlrols
1010 2505 1064 2545 ron
1089 2482 1228 2558 (lostam,
1258 2483 1364 2542 daraol
1382 2502 1419 2541 zu

354 2566 482 2630 Castana
501 2568 608 2644 setoso,
635 2571 690 2630 und
714 2570 828 2630 endlielr
847 2591 882 2631 nn
902 2571 1016 2630 Lnrern
1046 2568 1249 2647 eingekerkert
1268 2583 1419 2645 gowooone

352 2651 442 2714 Felix
463 2651 644 2714 Hr'immerlin
667 2653 868 2731 (Malleolus),
897 2654 928 2730 (l
950 2674 975 2715 o.
996 2654 1092 2732 1457)
1121 2670 1287 2730 gtnuesoner
1314 2648 1420 2710 Prolst
1519 2635 1560 2684 ·'·

354 2759 389 2799 ιιι
408 2736 567 2799 Salothnrn
591 2738 646 2798 und
669 2736 832 2814 Chorhorr‚
855 2741 910 2800 nnd
933 2756 1009 2798 zwar
1026 2735 1133 2798 Cantor
1154 2754 1190 2795 an
1212 2735 1277 2796 dom
1296 2743 1419 2812 g'rossen

329 2812 494 2887 manuel
515 2843 552 2883 zu
573 2821 697 2902 zurich,
731 2824 867 2885 wiihrond
888 2825 985 2885 seiner
1007 2820 1253 2923 Gelaugonsolmlt
1274 2817 1419 2899 gediclrtet

406 3087 453 3153 ⁴⁵)
472 3092 552 3144 Adde
570 3094 600 3143 ll.
619 3094 689 3142 Tim.
709 3093 763 3158 lv,
782 3093 824 3145 8&
850 3090 954 3143 Reddet
981 3091 1046 3140 mihi
1067 3091 1199 3148 Dominus
1218 3091 1251 3139 in
1275 3089 1342 3139 illa
1360 3089 1417 3140 die

353 3163 439 3213 inatus
452 3160 543 3212 iudex.
580 3163 738 3229 Hieronym.
757 3161 790 3210 ad
805 3159 943 3209 Heliodor.
964 3161 1054 3208 veniet
1072 3157 1146 3208 dies
1165 3157 1246 3222 illa,
1265 3159 1371 3218 veniel,
1390 3158 1419 3207 in

355 3248 409 3298 qun
435 3242 588 3296 corruptum
613 3231 663 3280 hoc
689 3242 714 3278 et
737 3230 847 3279 mortale
872 3226 966 3277 induet
990 3229 1229 3290 incorruptionem.
1267 3223 1418 3274 Bernardus

354 3316 415 3367 sup.
439 3295 540 3350 Cautio.
559 3299 660 3353 Veniet
686 3297 763 3349 dies
788 3297 854 3346 illa
879 3297 907 3344 in
933 3313 986 3361 qua
1010 3294 1070 3364 plus
1097 3294 1223 3344 valebunt
1247 3311 1314 3363 pura
1338 3290 1419 3343 corda

356 3383 438 3433 quum
460 3376 547 3416 astute
567 3367 659 3417 verba.

408 3465 459 3531 **)
476 3467 587 3516 Finkins
610 3467 629 3516 l.
649 3467 668 3516 l.
689 3468 794 3529 „Iliilte
813 3483 840 3515 es
860 3468 906 3513 mit
917 3462 1006 3514 dieser
1022 3462 1110 3512 Platte
1128 3464 1201 3512 seine
1218 3460 1321 3527 viillige
1335 3461 1420 3510 Rich-

355 3536 467 3603 ligarit,
495 3553 524 3586 so
548 3535 652 3585 warde
667 3538 706 3585 sie
730 3534 782 3584 fast
806 3532 999 3584 nnbezweilelt
1023 3531 1076 3581 deo
1096 3531 1246 3580 Grundtext
1271 3529 1419 3578 entholten.

355 3600 423 3654 Wn'e
442 3603 515 3653 hiitte
534 3622 594 3652 man
613 3604 669 3653 siah
688 3615 762 3653 sonst
786 3603 860 3652 wolrl
877 3604 905 3651 in
927 3603 1001 3652 einer
1018 3600 1116 3649 Kirche
1135 3599 1189 3648 und
1214 3598 1284 3648 noch
1304 3596 1373 3646 doru
1389 3598 1418 3646 in

307 3678 311 3687 ’
356 3674 431 3722 einer
452 3671 551 3727 Kircha
574 3670 621 3723 des
640 3673 754 3738 heiligen
772 3672 858 3721 Franz
877 3670 1099 3735 Abweichnngen
1129 3686 1188 3718 vom
1212 3666 1417 3734 gewo'hnlichen

354 3740 547 3805 Kireheultexte
566 3740 692 3790 erlauberr
711 3739 816 3790 solleu?
852 3737 931 3789 Anah
944 3737 1037 3789 wiirde
1057 3737 1104 3787 das
1124 3738 1200 3786 Alter
1217 3734 1264 3785 der
1278 3736 1363 3784 Platte
1377 3733 1419 3794 (?)

355 3807 445 3858 dieser
468 3806 598 3874 Meinung
622 3809 696 3868 nicht
719 3820 848 3873 entgegen
873 3809 940 3857 sein.
984 3807 1039 3856 Ans
1064 3805 1125 3856 dem
1154 3824 1182 3855 so
1200 3804 1340 3870 gestellten
1360 3802 1417 3852 Ge-

356 3875 430 3925 dicht
454 3875 523 3925 sieht
548 3894 607 3924 man
626 3876 857 3942 aregensolreinlich
883 3894 986 3942 genug‚
1013 3874 1073 3924 dass
1099 3892 1126 3924 es
1151 3875 1179 3922 in
1203 3871 1291 3921 dieser
1316 3871 1419 3920 Gestalt
1525 3905 1538 3919 ,

356 3947 444 4003 oeirrea
463 3944 671 3994 betraclrtenden
684 3947 775 3995 Tones
793 3961 887 4010 wegen
902 3946 977 3992 rn'elm
993 3943 1037 3992 fiir
1054 3944 1127 3992 stille
1146 3942 1182 3989 als
1200 3941 1243 3988 fiir
1260 3936 1423 3989 iiffentliche'

356 4011 484 4063 Andaclrt
515 4014 637 4078 geeignet
664 4015 706 4061 ist.
761 4013 832 4061 Nun
865 4013 1005 4062 solneint
1033 4029 1068 4061 es
1102 4009 1307 4067 denkbarer‚
1339 4005 1418 4053 dass

359 4082 595 4131 ein'frommas
614 4080 757 4130 Gemiitlr
776 4081 882 4130 durch
907 4080 962 4126 die
981 4075 1243 4128 Treffliclkeit
1268 4073 1327 4121 des
1351 4073 1420 4120 Ge-

358 4149 499 4199 dichtoe
528 4148 732 4198 nerunlasst
756 4149 888 4210 wurde,
920 4164 952 4197 es
977 4147 1035 4196 fiir
1062 4149 1166 4197 einen
1194 4140 1420 4190 kirohliclren

359 4217 544 4267 Gebrauch
571 4216 856 4278 umzuwandeln3
887 4215 1051 4279 wenigstens
1076 4213 1163 4261 diirste
1188 4228 1215 4259 es
1242 4208 1315 4256 nicht
1339 4207 1421 4258 leieht

359 4285 513 4335 demandam
537 4285 696 4348 eingefallen
720 4289 793 4341 sein,
819 4287 878 4335 eine
899 4283 944 4331 fiir
967 4282 1014 4332 das
1033 4284 1105 4330 Hans
1124 4278 1260 4346 gemachte
1277 4275 1421 4335 Veriinde-

359 4373 427 4420 rung
445 4356 480 4402 in«
494 4355 568 4403 einer
585 4353 682 4418 Kirclre
700 4354 728 4402 in
747 4353 822 4402 stein
841 4353 927 4407 bauen
947 4371 979 4399 zu
1003 4349 1120 4399 lassen.“
1156 4347 1212 4396 Sed
1234 4346 1317 4405 viam,
1341 4361 1421 4411 quam

361 4424 474 4473 eeclesia
493 4424 521 4471 in
539 4421 644 4470 Missrrli
663 4433 689 4471 et
706 4422 842 4471 Breviorio
861 4418 1050 4471 constituendo
1068 4419 1186 4481 ingressa
1211 4423 1250 4461 est
1269 4423 1295 4462 et
1315 4429 1421 4479 semper

360 4492 446 4541 tenuit
470 4491 521 4541 Vir
539 4488 633 4538 doctus
658 4491 852 4557 praetermisit,
872 4506 904 4538 ne
923 4487 1009 4536 dicam
1028 4485 1169 4550 ignoravit.
1211 4478 1308 4531 Contra
1332 4481 1421 4549 pluri-

362 4577 405 4609 ma
422 4558 523 4629 docent
542 4558 680 4628 exempla,
699 4559 801 4610 cantion
815 4555 944 4608 ecclesiae
962 4557 990 4605 in
1005 4556 1137 4622 privatum
1151 4567 1226 4602 nsunt
1245 4567 1302 4603 esso
1323 4559 1421 4600 mutata

364 4639 391 4681 et
408 4625 618 4681 accommodum.
1427 4625 1429 4630 ·
