3750 5400
747 917 753 930 ’
811 935 939 1017 'xxxo
1028 1036 1030 1043 Ι

775 1095 830 1161 De
850 1097 975 1162 eodem.

338 1228 405 1290 Hor
426 1227 462 1289 arl
483 1226 587 1308 iugum
609 1227 781 1309 calvariae,
804 1241 807 1246 “

294 1391 297 1396 ¹
337 1316 438 1375 Iesum
459 1329 621 1392 sequamur
637 1315 752 1376 turem:

338 1397 465 1458 Nostrae
484 1396 655 1477 trophaeum
677 1398 806 1477 gloriae,

337 1479 549 1542 Deosoolemor
570 1500 701 1560 erucem,⁴

339 1565 397 1641 Qui
421 1585 581 1645 generosos
603 1564 689 1629 miles
712 1578 770 1647 est,

338 1648 404 1708 Sibi
426 1652 510 1710 durat
531 1650 664 1727 honori,'

340 1732 415 1794 Cum
447 1735 518 1793 duee
540 1734 605 1794 lesu
635 1733 744 1796 millies

338 1815 371 1877 lu
394 1817 489 1880 erucis
511 1837 613 1897 eampo
634 1818 718 1882 mori:

340 1985 415 2063 Quis
438 1985 514 2047 oolla
534 1986 620 2048 milos
644 1986 769 2065 excutit,

338 2072 404 2133 Hac
425 2078 469 2131 est
489 2072 613 2131 eundum
636 2071 698 2131 via:

339 2156 405 2231 Quo
426 2156 487 2215 rlux
509 2156 650 2217 vexillum
675 2153 826 2234 praetulit,

339 2238 504 2318 Sequamur
526 2247 620 2301 turma
642 2239 709 2318 pia,

339 2322 395 2384 Est
416 2342 531 2384 summa
553 2324 611 2403 pati
634 2324 746 2404 gloria:
792 2399 795 2406 Ι
815 2369 818 2378 .

303 2407 308 2411 ’
340 2407 403 2469 Nee
425 2417 469 2468 est
490 2417 548 2467 tarn
572 2408 669 2469 salsos
691 2417 786 2489 potua,

339 2492 397 2567 Qui
419 2511 476 2552 uon
498 2493 592 2552 erucis
613 2493 755 2567 memoria

339 2576 541 2639 Exhauriatur
561 2583 646 2639 totus.
789 2580 791 2586 '

339 2745 479 2809 Morosus
502 2762 534 2804 as
555 2750 584 2802 ot
605 2740 740 2820 tetricus,

318 2834 320 2839 ’
338 2829 513 2892 Morborum
536 2825 646 2887 rinctus
667 2829 772 2900 ohoro;

339 2917 483 2992 Aegrotat
504 2921 597 2971 tecum
617 2910 747 2973 medicus

341 2997 527 3060 Ileoomheus
546 2995 640 3056 erneis
663 2997 764 3072 tlroro,

340 3083 409 3144 Nou
438 3089 480 3140 est
502 3099 521 3141 a
541 3078 651 3140 Christi
674 3079 780 3140 vortioe

294 3222 298 3234 ,
322 3168 384 3228 ‘Ad
408 3165 536 3245 plantam
557 3164 638 3243 pedis
659 3182 750 3241 verra,

341 3251 399 3311 Pro
421 3258 448 3309 te
470 3255 556 3328 qnam
578 3268 649 3324 noo,
672 3247 688 3308 o
706 3249 816 3330 perdito

342 3333 441 3396 Maior
460 3333 566 3414 aflligit
586 3352 691 3414 poena.

899 1229 1019 1293 Divitiis
1041 1237 1143 1289 exutus
1165 1245 1212 1305 es,
1262 1269 1266 1279 2
1323 1220 1326 1230 ¹

899 1309 1096 1377 Menrlieitatis¹
1118 1312 1240 1373 haeres:
1290 1313 1292 1318 '

900 1402 931 1461 ln
957 1418 1042 1461 oruoe
1061 1398 1142 1458 lesus
1164 1397 1257 1457 nudus
1280 1406 1340 1475 est,

813 1527 815 1532 ·
897 1485 984 1546 Nono
1004 1483 1101 1543 minus
1122 1500 1211 1559 aegre
1232 1482 1321 1544 leros.
1395 1546 1398 1551 ,

897 1570 936 1629 Et
959 1568 1062 1646 vulpes
1083 1564 1303 1643 diverticulum,

898 1654 936 1713 Et
957 1652 1055 1712 nidum
1078 1649 1171 1711 uosoit
1192 1666 1310 1727 passere
1418 1671 1426 1688 ·

898 1738 983 1797 Eheu
1005 1733 1114 1795 Christi
1137 1732 1302 1795 oulioul'um
1332 1743 1334 1748 '

899 1821 953 1882 Est
974 1821 1047 1881 dura
1068 1817 1162 1879 amois
1184 1835 1278 1880 asser.

899 1986 1055 2049 Maledicis
1077 1986 1259 2047 sermonibus

899 2070 933 2131 Si
955 2072 1035 2132 lama
1057 2070 1219 2133 lacerator:

898 2156 946 2217 Eu
969 2155 1050 2216 lesus
1071 2174 1137 2214 oum
1159 2152 1321 2217 latronibus

899 2238 1010 2319 {niquis
1032 2238 1199 2319 deputatur,

900 2323 976 2385 Cum
998 2321 1067 2385 hino
1102 2323 1235 2383 larorum
1254 2323 1369 2402 spicula

899 2407 1015 2488 Corpus
1038 2417 1278 2487 perpenetrarnut

900 2493 968 2552 lude
990 2490 1157 2570 linguarum
1179 2490 1276 2551 iacula

899 2574 1029 2637 Mentem
1052 2563 1331 2638 tionsrerloeraruut.

898 2742 1001 2804 Fatale
1022 2739 1107 2802 times
1126 2740 1289 2818 iaculum„

900 2827 946 2888 Te
969 2827 1082 2905 quando
1104 2846 1183 2887 mors
1204 2826 1332 2891 invadet.

900 2911 926 2973 Ο
948 2911 1045 2971 nobile
1066 2911 1279 2990 spectaculum!

900 2996 989 3057 Miles
1011 3015 1077 3056 eom
1098 2997 1170 3055 duee
1193 2998 1289 3072 codor,

901 3079 1037 3141 Christus
1058 3080 1155 3139 acerbi
1177 3079 1290 3141 saneris

901 3164 987 3225 Prior
1010 3163 1124 3242 excepit
1144 3162 1248 3238 ictum,
1362 3181 1366 3185 ’

900 3247 979 3311 Hiuo
1001 3257 1029 3308 tu
1052 3247 1187 3308 lethalem
1209 3246 1355 3328 volueris,

904 3332 964 3396 Vix
985 3331 1093 3394 senties
1111 3331 1261 3395 inflictum.
1334 3413 1336 3416 Ι

585 3538 589 3547 =
629 3503 762 3564 Tandem
785 3502 812 3564 si
834 3501 1027 3563 eonscientiae

622 3587 677 3647 'Te
700 3586 848 3648 louoiuaut
879 3596 1055 3667 puncturae,

631 3670 690 3732 Per
710 3668 822 3731 fruetus
844 3669 1036 3752 poenitentiae

631 3755 696 3815 Hae
719 3756 871 3835 sopiuntur
894 3773 991 3821 rurae.

631 3839 693 3900 suo
716 3839 853 3900 inclinato
875 3839 989 3919 eapite,
1078 3914 1081 3921 Ι

537 3939 539 3943 ’
632 3923 690 4000 Qui
714 3923 855 4004 Spiritum
878 3923 992 4003 omisit,

631 4008 714 4069 lesus
735 4008 866 4070 fororem
888 4007 1003 4088 gratiae

632 4092 670 4153 Et
692 4093 805 4156 reniam
830 4093 971 4174 promisit.

804 4240 952 4256 ..ω’-ὁμοια-

388 4637 501 4689 nomn
521 4635 653 4688 Theseus.
673 4635 772 4704 llymu.
794 4634 825 4684 11.
