3750 5400
888 903 995 972 XLII

739 1028 794 1092 De
816 1030 944 1093 Corona
973 1027 1136 1112 splenem*

399 1143 486 1209 lixite
507 1145 581 1209 Sion
601 1145 712 1227 Filiae,

399 1230 495 1310 hogis
515 1231 637 1311 pudieee
659 1230 813 1312 Virgines,

400 1312 509 1376 Christi
529 1334 665 1380 coronam
687 1316 796 1378 eernite

400 1397 498 1474 Quom
520 1410 613 1462 metor
634 1401 699 1479 ipsa
719 1400 821 1466 texuit.

401 1530 509 1595 Horret
526 1533 654 1596 revulsis
675 1534 802 1598 crinibus

399 1614 502 1694 Spinis
523 1628 704 1680 ementatum
725 1627 826 1699 oopnt,

401 1700 440 1760 Et
462 1701 561 1763 vultos
581 1703 631 1763 ille
652 1701 769 1764 decolor

400 1782 527 1845 Mortem
549 1787 741 1867 propinquam
761 1784 889 1868 respicit.

402 1917 487 1992 Quae
508 1927 586 1982 terra
608 1920 700 1984 soleis
721 1919 819 1999 invia,

351 2057 359 2066 ,
401 1999 507 2062 Domis
528 2004 628 2083 rigens
651 2014 679 2066 et
701 2005 848 2083 sentibus,

400 2081 540 2163 Lugubre
563 2108 668 2150 munus
690 2088 822 2167 protulit,

400 2166 483 2249 Quae
504 2187 594 2236 seem
615 2174 737 2238 messuit
757 2172 885 2240 monost

960 1147 1069 1210 Christi
1091 1146 1248 1209 rnheseens
1270 1144 1413 1227 sanguine

958 1232 1087 1295 Aenleos
1107 1239 1198 1292 mutat
1219 1228 1311 1309 rosio,

958 1315 1149 1395 Palmumque
1177 1314 1295 1375 vincens
1323 1312 1468 1389 fruetihrs,

959 1399 1051 1479 Spina
1070 1410 1114 1460 est
1136 1397 1291 1479 triumphis
1312 1396 1418 1480 aptior.

958 1532 1061 1613 CulpIs
1083 1542 1163 1593 satae
1184 1530 1352 1594 mortalium

959 1617 1005 1678 'I'e
1028 1616 1161 1695 Christe,
1192 1618 1294 1697 opInae
1315 1616 1472 1693 vulnerant,

959 1701 1063 1762 Euelle
1085 1709 1202 1761 nostras
1224 1700 1361 1762 eordihus

961 1784 1098 1863 Toesan
1118 1784 1228 1847 nostris
1247 1784 1356 1849 insere.

961 1918 1080 1996 Virtus,
1101 1918 1210 1995 honor,
1230 1920 1312 1994 lans,
1342 1917 1438 1998 gloria

961 1999 1024 2063 Deo
1046 2002 1127 2064 Patri
1148 2022 1214 2063 enm
1235 2001 1332 2078 Filio,

962 2085 1070 2147 Soneto
1092 2086 1182 2147 simol
1202 2085 1348 2147 Paraellto

961 2170 996 2241 ln
1017 2170 1201 2235 saeoulorum
1220 2169 1350 2239 saecula.
1380 2169 1475 2243 Amen,

858 2323 1016 2342 Μ

882 2464 1007 2534 XLIII.
1096 2497 1099 2502 ·

821 2592 878 2661 De
901 2594 1026 2658 eadem.
1038 2592 1059 2635 *
1177 2569 1201 2614 Ἰ

403 2724 495 2804 Legis
516 2725 621 2806 figuris
642 2727 773 2808 pingitur

400 2807 513 2871 Christi
533 2830 641 2873 eoroua
662 2813 778 2881 nohilis.

296 2907 301 2919 ·
402 2891 536 2969 Implexa
557 2894 651 2974 spinis
670 2897 790 2957 viotIma

401 2974 572 3056 Ardensque
593 2986 714 3040 testator
736 2978 835 3048 rnhus.

401 3110 511 3170 Aream
533 3129 641 3173 corona
663 3111 811 3191 cinxerat,

401 3190 582 3273 Mensaeqne
602 3214 717 3257 saerum
740 3196 899 3274 eirenlum,

403 3274 550 3358 hramque
572 3279 657 3342 thoro
679 3279 838 3358 fumidam,

404 3358 521 3429 Cornua
541 3363 629 3427 ueetit
650 3364 793 3429 ambiens.

964 2726 1076 2791 Christi
1098 2728 1232 2790 dolorum
1253 2728 1374 2789 eonsoia

964 2813 1054 2874 Salve
1076 2831 1184 2874 corona
1204 2811 1336 2891 gloriae!

965 2896 1096 2963 Geminis
1120 2905 1149 2957 et
1169 2915 1240 2957 anro
1262 2893 1414 2976 pulchrior

963 2979 1091 3044 Viueens
1112 2998 1235 3042 eoronas
1256 2980 1398 3046 siderum.

966 3114 1081 3192 Virtus,
1103 3115 1212 3190 honor,
1234 3112 1318 3188 laus,
1340 3109 1436 3192 gloria

964 3197 1028 3258 Deo
1049 3196 1131 3259 Patri
1153 3196 1339 3273 eum'Filio,

964 3280 1072 3342 Saneto
1094 3281 1182 3342 simul
1203 3279 1353 3342 Paraolito

964 3365 997 3426 In
1020 3365 1204 3428 saeculorum
1226 3365 1358 3431 saecula.
1385 3365 1478 3427 Amen.

869 3517 1017 3529 *a*

885 3673 1009 3741 XLIV.

659 3814 706 3876 Ia
732 3817 938 3880 Festtvitate
969 3815 1087 3878 (lerdis
1108 3814 1230 3880 Iera*

402 3947 464 4026 ao,
491 3956 522 4008 ut
543 3946 670 4030 superha
698 3946 855 4011 eriminum

400 4030 440 4090 Et
461 4050 550 4094 saeva
570 4042 737 4094 nostrornm
759 4033 864 4094 eohors

401 4109 461 4172 Cor
482 4116 623 4176 saneiavit
645 4116 785 4177 innocens

365 4210 368 4215 ·
402 4193 544 4259 Mareotis
565 4199 643 4261 haud
664 4200 721 4262 tolo
744 4200 815 4262 Dei!

401 4325 550 4389 vibrantis
571 4331 687 4392 hastam
708 4332 813 4395 militis

401 4409 526 4471 I’eeoata
546 4424 648 4475 nostra
668 4415 814 4494 dirigente

401 4492 583 4573 Ferrumque
604 4497 685 4557 dirae
707 4498 835 4576 cuspidis

406 4574 533 4639 mutu
555 4577 666 4641 erinon
687 4581 774 4644 aeuit.

965 3951 1015 4012 Ex
1036 3946 1131 4011 Corde
1153 3948 1247 4011 scisso
1269 3949 1408 4013 Ecclesia

966 4033 1083 4095 Christo
1106 4033 1208 4112 iugata
1230 4034 1380 4107 nescitum

965 4118 1031 4179 Hoo
1052 4115 1159 4179 ostium
1174 4118 1268 4178 Areae
1282 4119 1315 4178 in
1332 4117 1425 4179 latere
1445 4119 1481 4174 est

967 4200 1053 4261 Genti
1074 4203 1112 4261 ad
1133 4201 1260 4262 salutern
1280 4202 1419 4281 positum.

968 4333 1016 4392 Ex
1037 4334 1093 4394 hoe
1112 4334 1249 4411 perennis
1271 4338 1388 4415 gratia,

968 4415 1031 4475 Cen
1052 4418 1233 4496 septiformis
1254 4419 1381 4499 fluvius,

969 4496 1069 4560 Stolos
1091 4509 1123 4559 ut
1143 4500 1207 4561 illie
1228 4503 1365 4564 sordidas

970 4580 1118 4646 bremun
1139 4584 1219 4663 ugni
1241 4584 1274 4647 in
1294 4582 1444 4666 sauguine.
