3750 5400
761 733 764 742 =
889 692 990 767 229

839 755 842 766 Ι
1088 755 1093 765 Ι
1138 754 1144 762 Π

1072 818 1081 825 .

399 870 429 933 7.
444 866 533 946 cogit
555 855 734 947 poeuis‘uex
757 861 864 947 iratus,
957 879 987 938 8.
1002 868 1077 931 Cura
1092 867 1122 930 iu
1139 869 1243 950 poeuis
1265 870 1458 935 rictoretoret

440 952 551 1015 Suadet
573 961 654 1029 patcr
675 947 822 1015 desolatus
997 955 1036 1016 Et
1059 976 1112 1035 pro
1125 952 1243 1017 cbristo
1263 954 1353 1036 vitam
1375 958 1456 1022 daret

480 1036 560 1097 'l'ota
581 1056 647 1096 euru
669 1034 799 1113 lareilia3
1039 1039 1114 1100 Viva
1134 1039 1228 1102 laetius
1247 1039 1355 1105 bestia.
1390 1065 1392 1076 ·
1419 1092 1421 1095 .

437 1118 496 1179 Serl
517 1140 572 1181 uec
592 1120 690 1183 blitum
711 1121 873 1183 deterrebat
927 1145 959 1176 ι·
997 1121 1203 1184 Onuiraudum
1224 1124 1411 1201 bellatorem,

438 1204 534 1283 Regis
555 1205 617 1283 ira,
636 1224 691 1263 uec
713 1208 846 1267 movebat
997 1206 1454 1286 Ostupeudumbuucoictorem
1529 1238 1533 1243 ¹

479 1289 581 1350 Mente
603 1297 686 1369 pater
706 1290 806 1357 auxia,
855 1318 858 1324 ·
1038 1290 1160 1353 Omira
1179 1291 1316 1375 victoria!

647 1423 777 1489 avum
799 1445 871 1502 puer
893 1425 922 1492 iu
945 1435 1039 1486 aetate
1102 1477 1105 1484 .

693 1508 786 1570 Senos
807 1507 876 1569 uicit
897 1509 1058 1589 grauitate,
1162 1582 1164 1590 y

734 1591 815 1672 Eilci
839 1593 1015 1654 constantia:

691 1676 773 1755 Ergo
804 1677 901 1740 Vitam
929 1678 1119 1757 imploremus

690 1761 770 1836 Nos,
799 1760 847 1840 qui
877 1761 942 1823 viro
962 1763 1125 1825 deferemus

733 1845 808 1906 Vota
836 1844 997 1924 spiritalia:
1110 1898 1114 1903 .

691 1930 730 1990 Ut
751 1950 803 2009 pcr
831 1928 928 2009 ipsum
955 1950 1127 1991 coronemur

690 2015 784 2090 Quam
809 2031 828 2075 a
848 2014 932 2075 uobis
946 2036 1003 2075 nou
1017 2034 1162 2076 meremur
1232 2039 1235 2044 ·

609 2149 611 2154 .
733 2096 918 2177 Scurpiterua
940 2099 1046 2179 gloria.

852 2248 1001 2260 --—......

473 2348 651 2444 bctaSauct,
665 2349 726 2411 luu.
742 2347 873 2412 'l'oru.ll.
887 2369 916 2427 p.
929 2348 1021 2412 1023.
1033 2350 1109 2429 „Ex
1118 2333 1463 2415 MissaliCracovieusi.“

787 2636 821 2716 r)
849 2635 1070 2717 Heptaeola.

859 2780 995 2846 CCLll.

763 2921 818 2984 Dc
840 2917 880 2986 Sl
896 2923 1086 2988 Eustochio.

387 3042 582 3119 1.'1'cmpcre
605 3040 660 3100 sub
681 3039 798 3119 gratiae
945 3045 975 3106 3.
990 3043 1125 3104 Romana
1146 3040 1321 3122 proceritas,
1415 3098 1419 3103 .
1488 3059 1491 3062 ·

430 3127 567 3188 Nondum
588 3124 674 3202 plena
696 3123 769 3184 lacie
986 3126 1107 3188 Adriani
1129 3126 1231 3188 feritas

428 3208 603 3273 Reum-tide
624 3207 729 3269 claruit
986 3212 1053 3273 Nou
1075 3211 1140 3272 tulit
1160 3213 1234 3290 quod
1256 3208 1365 3270 veritas

430 3294 489 3356 Sed
513 3290 604 3353 errori
626 3292 738 3373 paruit:
986 3294 1116 3356 Prodidit
1137 3294 1292 3364 iustitiam

428 3381 477 3440 Ab
500 3377 722 3456 imperatoribus
987 3380 1151 3440 Cornmorit
1171 3379 1323 3440 saevitiam

428 3464 469 3524 Et
490 3463 595 3524 burum
616 3463 764 3523 erroribus
986 3465 1017 3524 lu
1039 3462 1094 3523 Dei
1116 3463 1250 3525 militiam

427 3547 588 3609 Prolauatu
607 3545 730 3626 lungula
986 3548 1111 3609 Perdere
1132 3567 1220 3628 quam
1239 3544 1351 3625 maluit.

449 2822 457 2827 ’
486 2844 495 2881 r

382 3684 416 3746 2.
430 3682 476 3743 Ne
497 3691 619 3762 regueut
640 3679 753 3742 iuliciac
944 3685 975 3746 4.
991 3683 1091 3743 Oritur
1109 3681 1292 3761 dispemlimu

394 3772 399 3777 ’
428 3768 619 3845 chregum
643 3766 770 3828 iustitiae
987 3767 1146 3829 Bormonis
1167 3765 1341 3849 stipcmliuru

428 3850 479 3912 Uti
499 3871 584 3912 suum
607 3849 757 3923 brachium
987 3851 1078 3912 Bouis
1100 3851 1131 3912 lit
1153 3849 1354 3936 iuceudiumrl

428 3933 534 3996 Erexit
554 3935 762 4013 Eustachium,
987 3935 1019 3996 lu
1040 3933 1096 3996 Dci
1117 3936 1306 3998 vernaculum

410 4016 555 4079 mititem
575 4018 750 4081 laudabilem
985 4019 1166 4082 Mansucscit
1186 4018 1346 4100 periculum

428 4102 466 4162 lit
487 4103 516 4162 ia
539 4101 593 4163 lide
616 4103 749 4165 stabilem
986 4103 1091 4165 Crucis
1113 4103 1331 4182 obsiguaculum

427 4187 485 4265 Qui
507 4189 645 4279 profanos
665 4187 773 4269 arguit.
986 4188 1069 4264 Quod
1091 4189 1120 4250 iu
1142 4188 1227 4249 cerole
1247 4184 1331 4248 aluit.

694 4327 724 4387 b.
739 4321 846 4383 Poenis
868 4321 936 4380 dum
960 4319 1085 4383 iniicitur

736 4409 807 4483 lgnc
828 4425 886 4464 uua
907 4403 1033 4466 allicitur

736 4488 864 4569 Spiritus
886 4488 1012 4550 allicitur

737 4574 783 4638 Ad
807 4572 915 4653 gaudia
936 4571 1060 4637 coelicae
