3750 5400
868 640 944 732 aa

367 775 504 909 mirari
526 831 556 892 id
581 816 742 894 eatbalisaa
771 832 914 896 eeebsiae
941 834 1199 943 persuasissimum
1227 844 1305 897 est
1323 834 1441 900 Similia
1527 839 1540 845 '

367 916 449 980 cauit
468 904 616 981 Praefatio
639 927 751 980 vetusta
770 920 807 980 de
822 918 1001 981 Sanatisro
1091 933 1225 980 οιαηοιιι
1226 942 1359 981 mirsam
1489 966 1498 978 ,

367 1013 439 1076 νία,ι
458 1015 652 1070 mudena
669 1024 726 1063 ιιια.
764 1005 813 1066 11
827 1003 874 1065 bi
893 1001 1069 1081 augelus
1112 1003 1162 1068 12.
1185 1002 1217 1064 Ιιι
1237 1002 1440 1085 maitrspaat·
1514 1035 1533 1071 .-

368 1032 522 1167 puniantur
535 1088 719 1152 numerantes
739 1099 902 1171 martyrum
923 1089 1035 1150 turbae.
1287 1135 1290 1140 .
1453 1097 1471 1118 ··

698 1488 703 1505 Ι
831 1397 972 1468 xxvu.

748 1543 805 1607 Da
833 1543 874 1612 Β
895 1542 1057 1607 Martias.

434 1682 465 1749 1.
486 1679 692 1750 Sarenimem
713 1679 824 1744 Christi
846 1679 1008 1743 Martinam
1029 1688 1133 1742 runata
1159 1700 1213 1761 per
1233 1680 1334 1743 arbam
1354 1688 1439 1769 tanat

368 1764 497 1828 wriasia
514 1766 612 1849 [paris
633 1764 817 1852 catholicae}
930 1831 933 1836 ,

389 1869 485 1935 2.
506 1870 601 1946 Atque
620 1866 704 1928 iiiius
726 1887 832 1929 naman
853 1866 949 1929 amnis
969 1864 1133 1929 baereticae
1153 1864 1249 1946 fngiat
1272 1821 1435 1948 pallidas.

434 1968 466 2037 3.
508 1969 656 2031 Pannonia
675 1968 798 2029 laetetur
817 1968 946 2048 genitrix
969 1967 1037 2028 talis
1059 1960 1133 2029 titii!

319 2104 321 2108 ¹
433 2071 465 2136 4.
508 2070 594 2133 Italia
616 2069 726 2133 exultet
747 2068 850 2132 alitrix
871 2068 941 2131 tanti
964 2068 1088 2132 iuvenis.

433 2175 465 2241 5.
504 2172 547 2234 ta
564 2170 678 2235 Galliae
703 2171 780 2235 trina
805 2169 910 2233 divisio
932 2172 1127 2234 sacra'eertet
1154 2169 1248 2255 litigia
1270 2141 1352 2239 euius
1374 2196 1440 2242 essa
1481 2234 1505 2240 ..

368 2259 474 2322 debeat
496 2257 625 2339 praesui.

435 2360 466 2429 6.
506 2360 570 2422 Sed
587 2358 695 2440 paritur
713 2358 821 2420 babere
843 2371 889 2420 se
899 2368 1011 2438 patrem
1032 2335 1133 2421 amnes
1147 2361 1306 2439 gaudeant.
1326 2362 1440 2427 'Parasi
1547 2387 1559 2397 ·

371 2444 429 2508 sali
452 2447 516 2506 eins
539 2464 645 2525 aarpns
668 2444 792 2509 foveant.

435 2548 466 2613 7.
508 2544 585 2608 fluia
598 2545 778 2606 Francorum
798 2553 883 2623 atque
895 2542 1070 2606 Germaniae
1092 2504 1175 2634 piebs
1196 2549 1292 2612 omnis
1312 2551 1439 2631 plaudat.

432 2649 464 2716 8.
508 2649 622 2727 Quibus
645 2646 797 2721 ridendum
819 2645 927 2709 invexit
949 2645 1124 2710 dominnm
1116 2668 1145 2710 ιιι
1165 2668 1219 2712 sua
1239 2662 1328 2721 veste.

435 2754 466 2816 9.
510 2751 567 2813 His
594 2747 717 2811 salebris
747 2758 791 2811 est
818 2748 946 2831 Aegypti
975 2750 1123 2830 partibust
1160 2753 1300 2815 Graeciae
1326 2775 1439 2838 quoqne
1474 2806 1498 2836 ἱ.

371 2839 485 2901 saumis
507 2836 697 2917 sapientibus

418 2941 468 3008 10.
510 2939 602 3018 Qui
593 2957 722 3018 impares
747 2957 779 3000 se
806 2930 935 2998 Martini
963 2935 1075 2998 meritis
1110 2936 1236 3001 sentiant
1260 2949 1347 3023 atque
1375 2947 1440 3009 eius

338 3034 352 3042 ’
372 3026 568 3089 medicamini.

417 3129 468 3193 11.
510 3127 586 3189 Nam
626 3126 723 3187 febres
755 3123 853 3201 sedat,
889 3123 1100 3202 daemonesque
1141 3123 1238 3205 sugat,
1280 3131 1441 3212 paralytisa

372 3214 506 3277 menbra
528 3211 661 3291 glutinat.

418 3314 469 3378 12.
512 3315 550 3376 Et
577 3322 756 3376 mortuarum
782 3327 837 3371 ssa
864 3328 951 3388 prere
977 3307 1066 3369 trium
1099 3310 1191 3372 reddit
1215 3332 1338 3395 corpora
1365 3316 1442 3381 vitae
1528 3326 1535 3341 ⁸
1565 3390 1567 3394 ι

373 3400 524 3485 pristinae.

322 3542 326 3547 ‚
421 3502 470 3571 13.
510 3499 567 3562 Hie
595 3498 668 3561 ritas
696 3494 856 3581 sacrilegas
884 3494 1022 3574 destruit,
1055 3508 1083 3558 et
1112 3497 1147 3560 ad
1176 3496 1306 3562 Christi
1303 3456 1441 3584 giariatn
1574 3534 1578 3546 ·

372 3589 424 3650 dat
442 3585 559 3668 ignibus
578 3584 667 3651 idola.

329 3726 332 3732 -
419 3690 470 3756 14
511 3687 569 3748 Hir
600 3685 686 3747 nudis
713 3682 853 3768 mysteria
881 3683 1007 3747 brachiis
1039 3685 1194 3747 conficiens
1222 3658 1369 3768 praeditas
1396 3703 1440 3756 est
1487 3738 1492 3746 -
1543 3776 1545 3781 Ι

375 3772 493 3838 eaelesti
516 3770 635 3834 lamine.

419 3878 470 3940 15
514 3873 569 3937 llic
588 3871 683 3936 aauiis
704 3889 739 3931 aa
760 3869 922 3933 manibus
914 3891 943 3931 ιιι
965 3871 1077 3933 eaelum
1106 3882 1134 3933 et
1161 3873 1229 3937 tatis
1251 3876 1362 3942 viribus
1389 3900 1441 3942 sn·
1458 3862 1460 3869 ¹

377 3980 502 4042 spensas
528 3969 643 4019 terrena
665 3967 767 4018 cunata
789 3955 907 4035 respuit.

419 4063 469 4128 16.
513 4058 586 4124 Eius
613 4059 656 4120 ari
683 4075 829 4138 nunquam
857 4055 993 4119 Christus
1020 4056 1113 4120 abfuit
1144 4059 1207 4122 sira
1234 4062 1359 4141 institia,
1392 4065 1441 4127 ved

377 4147 511 4232 quiequid
533 4147 569 4207 ad
594 4151 693 4207 reram
713 4144 800 4205 vitani
822 4140 953 4223 pertinet.

419 4250 470 4313 17.
511 4248 546 4327 lg
526 4246 603 4307 vitun
622 4256 651 4307 ta
672 4244 766 4309 aranti
787 4243 951 4326 pascimus,
973 4265 989 4306 a
1015 4245 1158 4328 Martiae,
1180 4247 1228 4327 qui
1253 4246 1345 4309 multa
1365 4247 1442 4340 mira

375 4335 425 4400 bia
444 4330 603 4398 ostendisti
691 4373 694 4386 .

419 4434 471 4506 18.
512 4431 610 4497 Etiam
634 4431 670 4493 da
691 4431 774 4496 aneia
802 4430 928 4514 gratiam
949 4430 1061 4496 Christi
1087 4430 1171 4495 nabis
1198 4431 1362 4516 supplicatu
1390 4441 1439 4498 tna
1525 4490 1534 4499 .

378 4541 495 4605 semper
515 4517 659 4586 intusum.
783 4534 787 4551 ¹

836 4634 992 4651 ——h—
