3750 5400
295 839 300 853 '
390 843 443 909 12.
488 841 564 904 burli
585 861 655 921 nos,
676 859 744 905 narn
765 840 890 905 tulllius
911 841 984 905 nibil
1003 860 1115 924 neptas
1134 846 1280 914 honorus

388 946 442 1010 13.
487 944 578 1006 Salve
599 964 653 1005 nos
674 942 754 1021 lesu,
776 962 830 1022 pro
852 941 957 1023 quibas
976 943 1060 1025 virgo
1080 957 1172 1009 mater
1193 958 1221 1010 to
1242 961 1314 1017 orat.

345 1046 451 1193 Mill(
487 1043 534 1107 Da
553 1044 662 1107 iontem
685 1043 752 1106 boni
772 1043 885 1138 risere,
912 1045 950 1107 da
976 1065 1065 1125 paruo
1087 1047 1192 1112 mentis
1211 1050 1314 1140 oeulos
1331 1052 1362 1115 iu
1382 1062 1410 1118 te
1528 1115 1531 1122 .

367 1152 383 1193 e
407 1151 487 1212 gere.
641 1143 645 1152 ’
1436 1142 1445 1160 “

376 1236 444 1379 llli).
467 1232 552 1310 xQuo
572 1231 683 1294 ‘lausto
705 1228 864 1312 sapientiae
893 1248 1027 1310 saporem
1049 1228 1126 1292 sitae
1148 1232 1243 1295 valeat
1263 1253 1346 1299 mess
1366 1236 1412 1299 in·

345 1328 375 1380 te
403 1338 500 1399 egere,
940 1325 942 1330 '

394 1421 444 1483 16.
489 1412 702 1478 Christianismi
730 1413 816 1477 fidem
844 1414 981 1495 operibus
1006 1414 1159 1496 redimire,
1192 1419 1331 1500 beatoque
1356 1418 1414 1483 line
1483 1451 1489 1460 ·

347 1524 388 1567 ex
410 1502 498 1567 buius
518 1500 659 1579 incolatu,
679 1499 789 1586 saeouli
809 1511 925 1578 auctor,
943 1500 980 1560 ad
1002 1509 1030 1561 to
1051 1502 1185 1569 transire.
1266 1504 1269 1513 '

436 1800 502 1862 Hoo
529 1820 644 1864 carmen
671 1801 848 1881 Hermauni,
873 1804 947 1882 qnod
977 1821 1044 1865 oum
1071 1803 1101 1865 in
1121 1803 1325 1885 Assumptione
1353 1817 1414 1871 tatu

350 1885 383 1947 in
409 1886 544 1946 omnibus
571 1886 774 1949 festivitatibus
803 1888 838 1948 Β.
868 1886 997 1967 Virginis
1024 1889 1244 1967 decantabatur,
1282 1891 1414 1971 quamvis

351 1980 382 2031 et
408 1980 586 2032 vetustorum
614 1972 746 2033 laudibus
773 1971 888 2052 insigne
915 1982 943 2032 ot
970 1972 1001 2031 in
1027 1972 1112 2034 libris
1146 1972 1348 2036 ecelesiasticis
1376 1976 1415 2037 sit

351 2055 576 2133 creberrimum,
595 2076 642 2117 me
658 2056 750 2117 indiae
765 2056 891 2137 palmam
913 2056 989 2116 terra
1007 2056 1243 2136 omnino'nequit.
1284 2058 1415 2139 Longio—
1520 2079 1525 2088 ‘

349 2158 402 2201 res
424 2140 607 2219 stropharum
640 2140 764 2202 ambitus
792 2159 812 2203 a
832 2139 1053 2219 Sequentiarum
1074 2140 1169 2201 indole
1190 2142 1275 2203 alieni
1297 2138 1413 2205 uniunt

349 2223 492 2301 lentorum
514 2223 643 2304 animos,
662 2224 793 2305 displicet
814 2226 936 2285 obseura
957 2234 1043 2305 atque
1065 2227 1186 2287 confusa
1206 2229 1358 2289 verborum
1378 2217 1414 2287 uo

352 2308 560 2372 sententiarum
584 2308 781 2372 conformatio.
824 2308 1027 2370 Germanicam
1048 2308 1116 2370 feeit
1137 2310 1295 2372 cantionem
1309 2311 1415 2373 Mona-

353 2395 427 2456 elms
449 2392 558 2456 Salisb.
580 2393 643 2455 lah
664 2391 775 2473 griils
795 2393 880 2454 eliab
901 2413 1016 2472 gerne
1035 2403 1290 2456 meressterue
1311 2395 1415 2456 ullor

353 2475 628 2555 christealreit,
656 2499 697 2539 za
726 2484 788 2555 got
817 2498 885 2540 nus
915 2476 1034 2538 beleit
1061 2477 1229 2558 (Hoffmann
1256 2479 1295 2543 D.
1322 2479 1362 2541 K.
1382 2479 1413 2545 S.

354 2561 443 2639 143.)
462 2580 497 2622 aa
520 2562 633 2627 Sebast.
652 2563 776 2623 Bramlt:
803 2562 879 2625 uve
905 2563 1021 2624 duroh
1048 2562 1197 2623 lenolrte
1218 2562 1329 2624 Steru
1350 2555 1416 2626 d‘es

352 2646 480 2710 more‘s
514 2656 567 2714 eto.
602 2646 840 2731 (Wackernagel.
874 2668 904 2727 p.
940 2646 1027 2726 124.)
1062 2681 1101 2694 -
1141 2649 1167 2711 l.
1195 2646 1232 2712 is.
1259 2648 1353 2725 XLll‚
1384 2648 1415 2715 6.

354 2742 391 2790 Et
408 2741 470 2790 deti
486 2751 511 2790 te
528 2741 556 2790 in
565 2737 665 2808 foedus
680 2739 782 2809 populi,
805 2741 833 2790 in
855 2739 936 2790 lucem
952 2741 1080 2809 gentium
1112 2733 1184 2794 Alb}
1206 2743 1300 2792 Maria
1322 2742 1417 2792 scribi-

354 2826 399 2865 tur
415 2817 523 2882 utrinque
540 2814 620 2866 literis
636 2817 664 2865 in
681 2817 770 2881 quibus
788 2817 894 2881 quinque
911 2818 1031 2884 mysteria
1048 2817 1139 2867 beatae
1150 2819 1257 2888 virginis
1271 2818 1417 2886 ‹lusignan-

354 2895 407 2934 tur.
443 2884 491 2934 Per
514 2882 618 2934 literam
635 2884 678 2932 M.
698 2883 854 2952 intelligitur
874 2885 1031 2944 medt'ntrr'xp
1048 2888 1159 2936 ser-unuln
1177 2899 1212 2936 est
1225 2890 1261 2936 A.
1280 2903 1419 2953 peruuart(

353 2949 512 3019 intelligitur
529 2951 695 3002 auxiliatrix.
733 2952 823 3002 Tertia
839 2950 915 3002 litera
932 2964 968 3001 est
985 2954 1018 3002 R.
1034 2972 1079 3021 per
1095 2973 1171 3018 quum
1189 2954 1344 3023 intelligitur
1359 2954 1417 3002 Re·
1511 2962 1518 2976 ‘

353 3019 493 3090 puratrix,
512 3031 614 3085 quarta·
629 3021 651 3069 I.
672 3038 717 3087 per
732 3038 808 3083 quam
825 3021 874 3069 int.
893 3017 1085 3084 illuminatrix,
1113 3024 1203 3085 quinta
1225 3025 1253 3070 A
1276 3024 1296 3070 i.
1313 3041 1335 3071 ι.
1353 3023 1416 3070 Aa·

354 3099 448 3150 tutrix.
482 3087 514 3149 2.
538 3086 579 3152 Μ.
603 3086 651 3149 ll.
674 3084 769 3146 ooeli
791 3095 915 3164 porta,
945 3104 1005 3147 vox
1033 3105 1070 3145 ex
1095 3086 1217 3165 hymno:
1241 3094 1320 3147 Ave
1341 3104 1418 3147 mu·

355 3171 412 3234 ris
441 3169 561 3251 steila
585 3169 752 3248 desumpta,
789 3187 873 3248 quern
900 3166 1084 3229 Hermannus
1114 3172 1143 3230 in
1175 3170 1287 3230 dnobus
1314 3166 1444 3248 primis

354 3252 497 3318 olansulis
517 3252 652 3315 imitatur.
694 3253 739 3314 De
762 3262 844 3333 porta
863 3271 920 3313 uon
942 3263 1042 3330 aperta
1056 3251 1118 3312 virle
1130 3253 1169 3317 H.
1192 3255 1246 3329 15,
1269 3252 1417 3318 13-16,

325 3402 333 3410 ,
354 3338 464 3404 Wadi.
488 3357 517 3417 Ι).
538 3340 589 3403 61.
607 3346 751 3398 Ezechietes
766 3358 850 3414 porte,
870 3348 924 3395 Diu
942 3348 983 3394 nie
1001 3360 1067 3395 wart
1080 3345 1117 3415 tif
1126 3346 1221 3414 geroio,
1240 3347 1298 3395 Dur
1316 3348 1358 3398 ‹tte
1374 3349 1419 3396 tier

355 3435 437 3486 tuneo
453 3431 653 3482 birlicireWurt
671 3433 703 3481 tiz
721 3433 774 3481 unul
790 3431 817 3480 in
834 3429 924 3501 gebin.
968 3419 998 3483 3.
1027 3419 1071 3482 Μ.
1095 3419 1144 3485 14.
1171 3419 1314 3500 fulgur.
1341 3419 1420 3484 Cilli-
1523 3429 1526 3437 ’

357 3510 408 3569 tie.
427 3503 484 3584 Vl,
504 3506 534 3568 92
571 3515 644 3578 Quae
660 3526 695 3564 est
713 3515 766 3563 ieta
782 3531 847 3580 quae
868 3514 1031 3581 progreditur
1048 3515 1123 3578 quusi
1139 3532 1233 3563 aurora
1258 3518 1419 3584 consurgens,
1513 3536 1516 3545 ·

355 3601 467 3674 pulchra
484 3614 514 3652 ut
531 3601 610 3666 luna,
627 3601 708 3652 electa
725 3612 754 3651 ut
771 3598 818 3649 ool.
859 3587 889 3652 4.
910 3586 1013 3648 Fidem
1041 3587 1140 3649 bubuli
1166 3587 1263 3649 Maria
1292 3587 1419 3651 Sermoni

357 3672 524 3742 Gabrielisr
556 3694 643 3753 porro
670 3676 751 3734 donet
778 3670 938 3751 Gregorius
973 3673 1002 3732 in
1030 3673 1165 3750 passione
1191 3672 1298 3733 domiui
1320 3694 1421 3736 omnes

355 3758 508 3841 apostolos
535 3758 620 3820 tidem
648 3777 739 3840 parua
759 3757 910 3834 amisisse,
939 3756 1067 3818 Muniam
1088 3768 1182 3819 tumen
1204 3758 1234 3817 iu
1255 3756 1310 3819 lide
1330 3758 1419 3820 stabi·

355 3846 417 3907 leun
438 3843 633 3926 permansisse
655 3863 690 3904 aa
709 3839 947 3904 resurrectionem
969 3831 1075 3902 domitii
1097 3852 1127 3903 ut
1139 3840 1333 3904 certissimum
1354 3842 1421 3923 quio

356 3938 554 4008 exspectasse.
595 3927 640 3990 M.
666 3927 716 3990 14.
737 3927 793 3989 Ad.
814 3925 901 3988 Torr.
929 3925 1257 3990 desideraverunt.
1300 3929 1330 3991 5.
1350 3929 1422 3990 adn

355 4020 388 4067 1n
408 4015 480 4083 ligno
497 4017 564 4081 quod
582 4026 638 4065 erut
656 4016 683 4064 in
699 4014 822 4082 paradino
846 4024 928 4062 ortum
947 4024 984 4061 eet
1004 4023 1136 4081 peccantum
1159 4025 1294 4080 parentum
1319 4025 1422 4063 nostro-

355 4104 431 4148 rum,
452 4085 490 4134 eic
509 4084 620 4152 opposito
638 4084 711 4132 modo
728 4081 822 4130 Maria
839 4080 940 4148 lignum
958 4081 1026 4129 vitae
1043 4081 1218 4143 resuscitavit,
1244 4082 1345 4147 quando
1361 4079 1422 4128 enl-

310 4185 314 4194 ·
356 4173 472 4211 vaterem
492 4160 580 4210 munti
595 4159 728 4226 produxit.
764 4146 822 4207 Serl
849 4146 957 4207 reetius
977 4145 1115 4226 „lignum
1137 4145 1246 4207 vitae“
1265 4147 1301 4206 ad
1326 4144 1422 4224 ipsam

355 4233 487 4298 Mariam
508 4234 690 4295 referendum
713 4251 779 4294 eum
800 4230 867 4293 Seb.
890 4231 1019 4306 uranu,
1044 4231 1085 4291 ita
1113 4230 1252 4291 teutonice
1273 4238 1421 4288 cantante:

355 4321 444 4386 Dicit,
464 4320 533 4372 baltz
550 4322 593 4370 dee
609 4322 709 4381 Leben,
730 4317 791 4386 arasa
809 4318 873 4368 tbau
891 4337 947 4366 vom
958 4316 1067 4384 bymmel
1083 4317 1221 4382 urnbgebm
1234 4315 1280 4363 tae
1290 4312 1420 4382 gefetrelr-
1526 4318 1535 4335 ³

355 4410 410 4460 tet,
437 4396 581 4448 erleuobtet.
596 4399 640 4447 der
661 4407 735 4465 geyst
759 4393 886 4464 derfeyot
911 4392 1026 4443 mundell
1042 4391 1175 4441 verliindet
1201 4388 1313 4439 Gabriel.
1347 4380 1422 4441 Ro·

355 4480 469 4534 rante
481 4480 688 4552 pneumate.
716 4474 804 4532 Amat
817 4469 941 4532 ecelesia
956 4467 1112 4548 imaginem
1126 4465 1347 4541 desumptamrle
1360 4464 1423 4525 sel·

356 4554 588 4635 lereGitleonis,
611 4575 676 4617 rore
698 4576 750 4636 per
769 4554 941 4620 miraculum
961 4555 1110 4630 madente,
1132 4546 1219 4610 ludio.
1240 4549 1358 4630 vt,·3o
1378 4569 1421 4630 sq.
1505 4606 1507 4611 ,
1543 4533 1555 4619 J

396 4643 518 4696 ‹Duutsa
537 4643 668 4696 Thesaur.
686 4643 787 4714 Ilymn.
805 4643 837 4696 lt.
1201 4629 1224 4693 3
