3750 5400
484 905 559 970 laria
586 904 712 968 seranda
735 903 927 977 Pentecosten.
982 903 1057 967 Nam
1093 901 1123 965 iu
1155 902 1221 983 ipss
1249 898 1402 964 Domiuira
1430 909 1551 962 enatus:

484 989 617 1054 Sancti
638 988 811 1070 Spiritus
830 990 942 1051 uoltis
962 988 1064 1051 adsit
1083 989 1225 1067 gratia,
1246 985 1475 1067 qrraemoiorem
1495 1004 1550 1046 ve-
1576 1009 1584 1018 ·

486 1084 620 1138 testatem
647 1074 808 1150 redolebat,
835 1076 896 1136 lere
931 1073 1037 1154 ultique
1069 1073 1167 1134 sedem
1201 1090 1286 1133 stram
1318 1069 1451 1133 obtinuit.
1510 1068 1551 1129 Ut

487 1179 562 1222 nano
583 1167 642 1233 est,
670 1177 735 1220 enm
762 1176 801 1220 ex
821 1157 958 1220 universa
976 1156 1197 1237 sequentiarum
1219 1157 1314 1233 eludo,
1335 1175 1409 1249 qupe
1429 1151 1550 1215 seeundo

486 1242 595 1306 deoimo
611 1250 694 1303 sento
708 1241 786 1303 faeta
801 1254 854 1319 est,
871 1241 1104 1305 suiusRolrortns
1117 1261 1182 1302 eom
1196 1241 1287 1302 trilus
1299 1238 1368 1302 aliis
1381 1239 1476 1319 puetis
1489 1235 1551 1298 sal-

486 1347 540 1391 vus
562 1324 706 1397 evaserit,
727 1333 858 1386 cantatur
878 1325 944 1405 ipsa
955 1326 1138 1387 Pentecosten
1157 1324 1349 1385 sollemnitate
1370 1334 1426 1399 „et
1446 1322 1551 1382 dieitur

486 1408 610 1492 quotidie
638 1427 727 1488 usquin
751 1409 788 1469 ad
816 1428 938 1487 sequens
972 1408 1131 1471 Salnbmum
1158 1408 1329 1474 inclusiro.“
1388 1408 1490 1486 Neque
1518 1404 1548 1465 in

486 1493 606 1558 Lullieri
626 1491 750 1553 ecelesia
769 1509 885 1553 carmen
907 1501 1036 1555 nostrum
1056 1493 1190 1565 oltieuit3
1211 1493 1363 1553 dolendum
1384 1501 1483 1552 tamen
1504 1498 1548 1549 est

488 1598 546 1642 uon
558 1576 665 1650 luisse,
687 1573 735 1655 qni
748 1572 934 1655 sequentium
954 1576 1105 1657 elegantur
1126 1596 1161 1638 ae
1173 1576 1302 1638 suaviter
1313 1576 1413 1638 leserit
1424 1574 1551 1636 Germa·

486 1662 593 1724 ulrum.
646 1655 838 1722 vetustiorem
871 1660 1088 1722 translationem
1121 1665 1244 1740 quaeras
1270 1659 1347 1723 Altd.
1375 1659 1422 1722 Bl.
1451 1657 1551 1735 lVJ'p.

488 1746 562 1809 ³70.
581 1776 623 1791 -
643 1741 675 1803 2.
694 1742 799 1810 Meton
818 1741 858 1816 V,
884 1744 913 1806 3.
933 1744 1015 1806 Beati
1037 1764 1180 1823 pauperes
1199 1744 1314 1823 spiritu.
1361 1744 1393 1805 4.
1415 1748 1497 1821 Aug.
1518 1749 1551 1800 et

488 1828 594 1891 lletn,
641 1826 672 1888 6.
700 1826 763 1889 Pru.
792 1827 881 1887 Torr.
908 1826 945 1889 in
971 1828 1121 1891 lumine.
1177 1828 1379 1907 opinabantur
1411 1827 1550 1898 editores,
1589 1873 1591 1884 .

488 1928 589 1974 omnes
610 1908 748 1970 carminis
768 1910 929 1972 vermiculos
948 1912 1079 1974 desinere
1103 1912 1134 1973 in
1161 1909 1386 1992 ὃμοιοτέλεοτοι.
1433 1912 1551 1971 Lauda-
1576 1971 1578 1978 ,

490 2003 537 2056 tnr
564 1991 690 2071 Stroplra
724 2002 809 2056 sexta
844 1994 876 2054 iu
901 1993 1090 2057 consessione
1115 1999 1297 2075 aegelsinus.
1359 1997 1391 2057 7.
1416 1994 1462 2059 M.
1502 1997 1550 2056 12.

490 2094 650 2139 sana-
685 2074 781 2154 riga.
837 2078 869 2141 8.
895 2079 946 2142 Pr.
980 2083 1092 2142 redne
1126 2080 1230 2158 qnod.
1284 2081 1315 2142 t).
1344 2080 1388 2142 M.
1415 2081 1469 2140 12.
1498 2078 1549 2142 17.

490 2160 543 2223 dr.
572 2159 624 2222 Es.
658 2177 766 2220 saero
801 2162 1034 2241 septenario.
1082 2162 1119 2225 Hi
1154 2163 1221 2223 lilri
1256 2163 1364 2225 faciunt
1398 2164 1552 2241 stropham

490 2261 596 2304 nonam
626 2240 788 2306 eredssimo
813 2245 1015 2308 cohaerentem
1041 2267 1106 2310 enm
1133 2247 1254 2310 deeims.
1280 2246 1413 2312 —Noli
1435 2250 1553 2309 tandein

490 2324 718 2409 praetermittere
751 2324 936 2390 artifieiosam
970 2331 1057 2391 totins
1096 2330 1232 2392 carminis
1266 2330 1456 2409 οἰκονομίαν.
1522 2330 1554 2390 ld

491 2429 580 2471 nnrrrn
608 2419 741 2486 preeotor
768 2421 852 2489 poeta
878 2423 926 2490 nt,
956 2413 1083 2493 Spiritus
1110 2415 1234 2476 Sanetus
1265 2416 1404 2491 veniat,
1433 2427 1466 2475 nt
1492 2416 1556 2474 det

490 2510 612 2555 munuera
632 2510 686 2551 sua
705 2489 844 2557 fidelihus.
887 2496 991 2576 luripit
1010 2498 1114 2576 igitur:
1133 2498 1225 2559 Veni
1247 2510 1274 2558 et
1295 2499 1399 2559 iterum
1418 2509 1557 2560 sanetum

489 2595 596 2638 manas
608 2574 720 2654 angien
741 2584 785 2637 ter
796 2581 950 2657 repetendo
970 2600 1089 2642 samm:
1109 2581 1210 2647 Veni.
1240 2583 1335 2643 Simili
1350 2581 1466 2644 ratione
1479 2596 1558 2643 stro-

490 2661 551 2743 plut
570 2676 647 2721 noua
667 2658 760 2740 prima
780 2659 843 2722 loro
868 2663 986 2728 exhibet
1006 2666 1190 2729 vocabulum:
1223 2665 1292 2743 ao,
1319 2669 1414 2747 qnod,
1440 2669 1559 2732 duobus

491 2745 624 2808 mutuus
645 2743 837 2824 interpositis,
860 2756 903 2808 ter
924 2751 1070 2829 prolertnr
1088 2750 1118 2811 in
1139 2751 1260 2831 stropha
1279 2753 1401 2817 derina.

861 3032 1171 3048 *—
