3750 5400
874 766 877 774 .
936 705 1008 774 ,tr

429 866 627 952 3838383833,
635 865 742 948 -.B.eau
767 870 919 964 88833383
937 872 1098 993 quonium
1117 873 1179 948 filii
1206 872 1278 954 8383
1286 874 1509 970 8888388388.

442 970 540 1044 Cum.
556 970 632 1070 mibi
652 970 795 1052 dubium
815 996 877 1038 nnn
900 986 1003 1091 88888,
1035 976 1119 1061 quin
1144 975 1180 1039 38
1191 973 1324 1064 demum
1351 971 1509 1068 veteribus

435 1057 584 1160 byrnnia
601 1072 663 1150 seui
689 1081 798 1160 888888
815 1072 907 1162 qui
900 1069 1039 1158 animum
1060 1049 1254 1194 8883888388
1252 1075 1435 1164 ecelesiae
1444 1100 1509 1152 ,88-

410 1189 413 1198 ·
441 1172 550 1260 tiquae
570 1173 615 1238 ita
640 1173 800 1253 adver,tat
828 1187 861 1241 ut
886 1197 957 1241 oum
985 1177 1107 1264 eisqui
1122 1175 1263 1244 carmina
1288 1159 1341 1262 illa
1356 1177 1508 1276 88383888
1574 1257 1577 1263 ¹

383 1295 394 1317 ·-
436 1275 518 1338 rima
549 1275 640 1339 nobis
673 1274 849 1365 reliquere,
890 1278 980 1364 quasi
1019 1278 1101 1344 vivat
1131 1290 1164 1343 et
1194 1278 1277 1343 inter
1311 1278 1382 1343 illos
1415 1280 1508 1366 quasi
1569 1343 1571 1348 .

436 1386 667 1453 commoretur,
693 1375 807 1443 banc
791 1400 898 1465 qnam
917 1378 1003 1444 ‘anibi
1026 1361 1134 1498 388888
1154 1380 1248 1454 nullo
1272 1397 1347 1452 non
1354 1388 1506 1468 tempore

425 1471 630 1563 ¹sequendam
652 1475 736 1543 duxi
760 1501 763 1506 ·
786 1479 860 1553 Qua
883 1478 1051 1565 quidem
1043 1497 1074 1552 m
1101 1503 1138 1550 re
1159 1499 1265 1557 marm
1294 1490 1367 1554 erat
1390 1480 1432 1545 ab
1457 1479 1506 1546 bis

434 1577 630 1643 carminibus
657 1577 801 1655 iniurias,
825 1579 850 1645 si
874 1603 957 1667 quae
981 1604 1000 1645 a
1025 1581 1141 1645 nostris
1160 1582 1206 1646 838
1230 1581 1337 1646 illatae
1361 1602 1434 1647 esse
1459 1581 1505 1646 ri·

434 1674 614 1756 debentur,
639 1678 926 1767 quomodocunque
952 1694 1095 1767 poteram
1121 1693 1154 1746 88
1179 1682 1228 1746 883
1244 1703 1433 1770 magnorum
1459 1681 1505 1747 vi·

432 1799 542 1843 rorum
577 1791 683 1867 spreta
716 1780 904 1846 auctoritate
934 1777 981 1867 (si
1013 1804 1092 1869 opus
1125 1778 1211 1876 erat)
1250 1784 1393 1869 abigere.
1450 1781 1504 1857 De
1550 1857 1553 1864 Ι
1593 1865 1594 1868 ¹

432 1876 590 1946 industria
617 1891 721 1945 autem
748 1881 827 1959 leui,
861 1892 894 1946 ut
920 1893 1089 1969 antequam
1115 1882 1178 1947 hoc
1203 1885 1283 1972 opus
1305 1882 1503 1948 absolverem
1583 1885 1585 1890 ’

410 1979 679 2067 ‘absolutumque
720 1981 836 2069 publici
875 1982 951 2047 iuris
992 1984 1148 2059 lacerem,
1186 1983 1306 2048 selecta
1346 1983 1504 2049 ecclesiae

430 2081 641 2167 evarrgelioae
666 2081 806 2147 earmina
839 2082 871 2145 in
908 2105 1024 2170 corpus
1057 2081 1188 2148 redacta
1221 2085 1253 2172 in
1286 2083 1390 2148 lucem
1421 2082 1504 2147 ede·

429 2202 517 2247 rem:
532 2176 574 2270 a)
598 2205 669 2247 nam
695 2183 775 2248 sicut
801 2182 935 2269 hymnos
962 2182 1246 2249 ecclesiae'veteria
1265 2184 1378 2249 latinos
1400 2207 1503 2269 aeque

429 2282 638 2371 evangelicae
670 2305 708 2348 ac
739 2278 931 2360 catholicae,
971 2284 1017 2348 ita
1050 2285 1144 2349 etiam
1179 2284 1216 2373 tq
1213 2308 1312 2349 mnos
1345 2283 1509 2351 ecclesiae'

429 2383 638 2471 evangelicae
663 2408 726 2460 non
752 2383 824 2449 buic
851 2384 952 2448 solum
980 2382 1037 2449 sed
1065 2386 1159 2453 etiam
1186 2311 1355 2452 Romanae
1387 2386 1501 2486 offero,

394 2505 403 2538 -·
429 2484 530 2551 Certe
563 2485 645 2550 enim
683 2508 763 2572 qnae
789 2483 940 2551 ecclesias
981 2495 1160 2572 tempqrum
1191 2488 1381 2554 necessitate
1411 2510 1502 2575 sym-

428 2584 503 2650 bola
537 2586 706 2675 Bergense
739 2596 772 2651 et
792 2584 1049 2651 Tridentinum
1040 2609 1071 2651 m
1097 2585 1176 2653 duas
1201 2597 1308 2676 partes
1333 2587 1501 2652 3388388888

428 2709 484 2752 eas
517 2687 666 2753 flammae
697 2686 841 2777 pietatis,
875 2709 969 2775 quam
1008 2687 1114 2768 hymni
1148 2690 1310 2777 utriusque
1343 2688 1500 2755 ecclesiae

427 2787 565 2876 spirant,
590 2787 826 2878 quodammodo
852 2788 1090 2876 conglutinasse
1117 2790 1269 2857 videntur.

531 2987 627 3064 Quod
653 2989 807 3078 reliquum
828 2999 896 3068 est,
921 2999 956 3057 88
982 3013 1001 3055 a
1026 2990 1203 3078 gratiarum
1224 2991 1351 3057 actione
1375 2989 1495 3059 initium
1537 3020 1539 3024 ·

425 3091 520 3168 38838.ἱ
536 3092 824 3161 ’1858883388ιῖ
840 3084 1126 3178 38888888888888,
1166 3093 1240 3180 quin
1269 3090 1394 3156 duobus
1422 3093 1496 3158 viria
1539 3113 1541 3116 ⁴

424 3192 547 3282 gratias
572 3215 668 3280 agam
694 3191 811 3282 qai-de
830 3192 893 3257 hoc
919 3192 1017 3270 libro,
1050 3203 1085 3258 ut
1110 3192 1154 3259 ita
1179 3192 1301 3271 dicam,
1333 3193 1494 3257 nascendo

425 3296 546 3383 optime
579 3294 682 3359 meriti
716 3304 797 3359 sunt.
860 3294 985 3358 Horum
1019 3291 1101 3359 alter
1129 3305 1178 3358 888
1210 3292 1288 3360 cnr.
1331 3290 1496 3368 Diedricb,

419 3395 537 3485 pbilos.
564 3392 696 3472 doctor,
722 3396 769 3460 vir
795 3392 916 3485 indeq
946 3394 1060 3463 iuvene
1087 3395 1241 3479 amicitia,
1271 3391 1496 3472 familiaritate,

417 3497 534 3565 88883338
557 3506 589 3561 88
615 3494 680 3560 duo
712 3516 770 3584 per
803 3495 904 3561 lustra
930 3495 1025 3560 etiam
1061 3493 1199 3561 muneris
1232 3493 1385 3560 societate
1420 3495 1496 3560 mibi

412 3597 715 3677 coniunctissimus,
759 3597 811 3687 qui
855 3597 1105 3683 quotiescunque
1155 3596 1269 3661 dubius
1311 3595 1496 3674 haerebam,
1528 3586 1533 3591 ’

410 3698 555 3767 oonsilio
582 3708 613 3763 et
639 3720 739 3787 opera
764 3697 840 3763 mihi
866 3695 1002 3765 adstitit:
1028 3697 1110 3764 alter
1135 3709 1185 3765 est
1201 3696 1329 3774 ⁴iuuenis
1355 3698 1496 3786 optimae
1553 3764 1556 3769 ,

490 3943 523 4010 ’3)
542 3944 750 4010 Evangelisohee
765 3941 1055 4011 Kircheugesangbucb
1081 3941 1148 3993 oder
1173 3941 1329 4008 Sammlung
1357 3941 1409 4000 der
1429 3947 1499 3994 vor-¹

413 4030 587 4100 ziiglicbsten
605 4027 826 4092 Kircbeulieder,
846 4029 927 4078 theiis
943 4030 971 4078 iu
990 4028 1219 4078 alt-kircblicber
1238 4027 1343 4078 Gaatalt
1365 4029 1415 4077 mit
1439 4027 1493 4078 den

408 4111 569 4169 Varianteu
593 4132 648 4164 voa
668 4113 794 4175 Booten,
815 4111 902 4176 88388,
929 4113 1044 4182 Kuapp,
1072 4111 1133 4162 dem
1152 4112 1276 4163 Berliner
1301 4109 1491 4162 Liederachatz
1568 4134 1570 4138 ·

411 4200 474 4253 und
492 4199 556 4253 dem
570 4189 859 4264 Wiirtebrbergicbsen
878 4195 1238 4264 Gesnagbuchs-Entwuri,
1257 4194 1337 4273 8388338
1359 4197 1388 4255 in
1407 4197 1492 4263 obge-

415 4283 526 4336 biirzter
540 4282 596 4334 und
611 4282 823 4334 iiberarbaitater
841 4283 928 4333 Form.
965 4283 1018 4332 Mil
1038 4281 1218 4332 einleiteuder
1233 4278 1418 4348 Abbaudlung
1436 4279 1491 4330 und

414 4372 503 4423 838888
519 4368 745 4438 biographiscban
760 4367 882 4434 Register
900 4366 949 4417 der
962 4365 1243 4420 Liada-Veriaraca.
1264 4364 1344 4414 338338
1364 4365 1408 4416 bei
1428 4366 1489 4416 Job.

417 4452 460 4506 Fr.
472 4450 699 4525 Lippert.‘Halle
714 4449 790 4504 1842.
816 4450 820 4457 ’
