3750 5400
796 671 1020 814 'au‘

341 893 409 938 meu
431 886 492 953 est,
518 876 577 938 nisi
606 878 678 956 qrrod
701 878 813 938 Romae
842 853 872 938 iu
899 878 1064 939 sanctuario
1086 877 1202 939 Siutino
1231 878 1295 940 loeo
1324 877 1409 940 Cerei

317 960 493 1038 ‚paschalis
520 974 724 1022 consecrantur
744 962 814 1041 agui
838 962 1005 1041 paschales,
1034 961 1179 1040 imagines
1200 967 1238 1023 ex
1265 980 1334 1024 cers
1364 973 1410 1024 at-
1514 997 1516 1002 s

341 1066 398 1123 que
422 1045 551 1106 balsamo
573 1046 751 1107 eonlirctae.'
774 1047 909 1107 Ceterum
937 1057 966 1107 et
992 1046 1059 1109 huic
1079 1046 1165 1107 Cerei
1193 1046 1338 1125 paschalis
1360 1048 1411 1107 hu-

342 1129 517 1207 ncdictioni,
544 1150 631 1208 quum
660 1150 718 1190 uon
739 1131 866 1208 amplius
900 1131 930 1192 iu
959 1142 1072 1211 tempus
1099 1141 1270 1193 nocturnum
1297 1129 1412 1208 incidat,

339 1214 523 1292 aliquantum
544 1213 692 1292 dignitatis
713 1217 869 1274 detractum
893 1225 946 1279 est.

428 1297 659 1359 Benedictiouern
687 1296 771 1358 cerei
800 1299 952 1360 Paschalis
971 1297 1089 1360 Zosimo
1124 1298 1224 1377 Papae
1260 1296 1301 1378 (r.
1324 1296 1411 1376 417.)

340 1381 528 1443 adscribuntc
556 1382 644 1443 Liber
666 1381 795 1446 Poutilic.
824 1383 853 1443 iu
880 1383 949 1446 Zos.
971 1384 1058 1460 3‚Per
1086 1382 1239 1462 parochias
1268 1380 1434 1466 concessitu

342 1466 492 1527 licentiam
513 1466 735 1526 benedicendum
759 1466 791 1532 C.
813 1467 867 1530 P.“
916 1467 1082 1529 Amalarius
1110 1470 1144 1527 de
1172 1467 1259 1530 divin.
1282 1465 1360 1528 ollio.
1382 1466 1411 1543 l,
1525 1489 1529 1503 ι

345 1549 408 1614 18..
421 1547 603 1611 ethlouiuus
625 1551 659 1609 de
680 1552 737 1612 diu.
760 1551 809 1616 off.
830 1570 892 1631 oap.
919 1552 955 1611 de
975 1550 1102 1613 Sabbata
1126 1561 1243 1627 sancto,
1262 1550 1411 1629 Rupertus

341 1635 379 1694 de
402 1632 460 1696 dir.
481 1634 530 1701 off.
550 1636 586 1711 6,
612 1634 663 1699 28.
689 1634 742 1699 29.
771 1634 926 1696 Duraudus
955 1636 1022 1697 lter.
1045 1639 1080 1707 6.
1108 1638 1160 1698 80.
1210 1633 1411 1711 Consentiunt,

337 1728 417 1778 teste
444 1718 576 1779 Marteue
603 1720 636 1777 de
662 1718 750 1796 antiq.
775 1719 844 1785 eccl.
865 1720 978 1797 discipl.
1000 1742 1027 1798 p.
1051 1720 1121 1785 405.
1143 1719 1310 1781 Pontificale
1334 1719 1413 1797 bpa-

342 1802 474 1878 mieuse‚
494 1802 679 1883 (anuo1214
697 1802 850 1882 scriptum)
865 1803 1049 1864 Ordiuariuru
1065 1805 1280 1883 Rotomageusn
1301 1802 1412 1880 (1400)

309 1920 313 1926 -
343 1886 471 1948 Missale
502 1888 634 1947 'l'olosae
668 1886 807 1946 ecclesiae
842 1898 935 1949 vetus.
1001 1893 1039 1949 Αι
1074 1888 1219 1948 Batonius
1254 1906 1301 1955 an.
1338 1884 1414 1950 418.

341 1972 454 2032 iudicat
483 1970 564 2031 illius
593 1990 676 2030 osum
706 1970 791 2050 louge
819 1970 1027 2049 antiquiorem,
1060 1993 1127 2032 cum
1146 1974 1285 2046 hymnum
1315 1972 1350 2030 de
1378 1990 1413 2030 eo
1509 1973 1512 1986 '

303 2099 310 2119 .
342 2053 551 2134 conscripserit
571 2053 754 2116 Prudentius.
797 2054 920 2115 Proinde
942 2055 1092 2117 existimat
1107 2054 1255 2117 Zosimum
1277 2054 1414 2118 statuisse

294 2182 296 2188 ·
345 2154 378 2202 ιιι
400 2139 511 2202 Cereus
531 2138 684 2202 Paschalis
708 2139 754 2216 urci
778 2138 806 2197 iu
830 2139 988 2199 maioribus
1012 2150 1120 2201 tantum
1144 2139 1273 2201 basilicis
1293 2138 1412 2201 arcendi

342 2224 469 2301 soleret,
489 2223 621 2286 omnibus
644 2225 751 2301 pressim
776 2223 922 2300 parochiis
942 2227 1152 2291 concederetur.
1192 2224 1250 2285 Sed
1264 2224 1413 2305 llymnurn

343 2309 424 2370 huuc
446 2309 494 2388 qui
521 2310 561 2367 ad
590 2308 784 2367 incensum
818 2307 997 2369 lucernae
1019 2307 1185 2370 inscribitur
1206 2329 1263 2369 uou
1291 2328 1357 2369 esse
1378 2308 1413 2366 de

343 2392 439 2453 Cerco
473 2392 602 2472 paschali
637 2395 686 2452 secl
720 2392 858 2475 hyrcanum
895 2393 1090 2472 vespertinum
1123 2395 1158 2453 de
1195 2392 1304 2453 lumine
1339 2389 1414 2470 quod
1531 2468 1533 2472 Ι

344 2478 417 2540 alim
440 2496 560 2556 uespere
583 2475 707 2555 quotidie
729 2476 758 2534 iu
781 2476 904 2537 ecelesia
925 2477 1059 2538 solleruni
1082 2479 1203 2555 quodam
1233 2476 1288 2537 rltu
1310 2494 1415 2535 accen·

344 2565 485 2638 debatur,
511 2559 688 2640 disputando
710 2558 842 2620 evincere
863 2561 1026 2622 studuimus
1048 2561 1135 2621 huius
1155 2558 1301 2621 Thesauri
1323 2559 1412 2620 'Pom

345 2647 371 2713 1.
396 2667 425 2727 p.
451 2647 520 2709 1³2.
543 2644 658 2706 Euschii
682 2653 709 2703 ct
730 2642 855 2704 Gruberi
876 2644 1032 2724 Errrryclop.
1054 2664 1080 2707 s.
1101 2664 1129 2704 v.
1144 2644 1273 2705 Exultat.
1316 2644 1414 2721 ltaque

344 2750 407 2794 ιιιιιι
429 2731 511 2791 rideo
538 2751 589 2790 cur
617 2732 653 2788 ab
675 2730 792 2805 acutique
813 2729 953 2790 ecciesiae
981 2728 1133 2788 traditione
1155 2729 1192 2789 sit
1215 2728 1414 2788 recedendum.

337 2814 453 2887 ¹Paullo
475 2825 539 2893 post
560 2813 708 2873 Zosimnru
732 2813 807 2889 apud
824 2811 984 2874 Enuodium
999 2811 1185 2874 'Picineuscm
1208 2814 1240 2889 (†
1262 2813 1338 2890 521)
1361 2811 1416 2871 dra-

348 2900 420 2981 plex
441 2898 564 2960 liabetur
585 2898 659 2957 cerci
682 2897 827 2976 paschalis
848 2916 900 2957 uec
913 2898 1083 2976 inelegans,
1104 2917 1204 2958 rorum
1219 2897 1256 2956 ab
1277 2914 1312 2956 ea
1326 2913 1413 2974 quarn

344 2983 486 3045 adhihere
507 2981 579 3043 solet
601 2982 724 3042 ecclesia
746 2990 866 3058 utraque
888 2981 1005 3041 oruuino
1019 2982 1144 3042 diuersa.
1188 2980 1416 3059 Habeturprar·

339 3079 427 3130 terea
445 3066 584 3146 'Prepuaii
605 3064 803 3125 urusussiui·
829 3065 980 3144 scriptoris
1000 3067 1034 3124 de
1054 3063 1145 3126 Cerea
1169 3063 1299 3142 paschali
1332 3080 1417 3140 pras-
1516 3101 1525 3113 κ

344 3151 473 3214 conium.
514 3151 643 3227 Tamen,
666 3167 837 3227 qrraruquam
866 3149 919 3210 illa
941 3149 1115 3209 caerimonia
1138 3160 1181 3209 est
1208 3145 1418 3225 antiquissime,

343 3256 406 3299 nun
435 3234 539 3314 aliique
565 3235 664 3294 eodem
692 3245 820 3311 tempore
850 3244 965 3313 recepta
992 3241 1036 3292 est
1066 3243 1153 3312 atque
1180 3243 1308 3312 retento,
1342 3231 1415 3289 uncle
1533 3286 1542 3299 ,

345 3316 511 3382 Concilium
534 3319 707 3379 Toletauum
732 3315 780 3376 lv.
803 3337 867 3379 cau.
891 3317 942 3380 lll.
974 3317 1145 3392 ‚‚erccraa,
1176 3315 1283 3393 iuquit,
1312 3321 1338 3373 ιι
1366 3332 1416 3372 ce·

332 3425 419 3465 reus
438 3403 468 3463 iu
493 3402 672 3482 praevigiliio
695 3401 818 3478 paschae
838 3403 912 3479 apud
929 3401 1066 3479 qumsdam
1089 3401 1227 3459 ecclesias
1249 3418 1304 3457 uou
1328 3399 1415 3456 bene·

347 3491 500 3558 dieuntur3
522 3499 549 3547 ct
570 3507 621 3546 cur
642 3505 659 3545 a
678 3484 760 3545 nohis
783 3486 985 3545 benedicantur
1007 3483 1163 3563 inquirunt.
1205 3483 1327 3560 Propter
1350 3481 1415 3560 glo·

349 3575 462 3635 riosuru
483 3571 560 3632 cuim
582 3571 674 3631 noctis
697 3567 789 3647 ipsius
812 3582 1023 3629 sacramentum
1047 3567 1213 3627 solemniter
1235 3569 1307 3628 hace
1329 3566 1416 3625 bene·

349 3648 490 3730 dicimus,
513 3665 543 3716 ut
564 3675 664 3717 sacrae
686 3653 903 3714 resurrectionis
916 3651 1024 3714 Christi
1039 3653 1220 3730 cayster-ium,
1244 3651 1317 3730 qnod
1343 3659 1417 3709 tem·

371 3762 421 3804 oro
444 3739 529 3800 mutus
552 3740 665 3799 votivae
687 3741 778 3798 noctis
800 3739 930 3814 aduenit,
962 3737 992 3797 iu
1023 3737 1218 3801 bencdictione.
1246 3731 1418 3796 sanctificati

350 3764 471 3889 luruiuis
490 3825 677 3901 accipiamus.
722 3821 758 3881 Et
787 3822 853 3900 quia
886 3823 958 3882 haec
989 3821 1151 3888 observatio
1180 3841 1232 3900 per
1260 3819 1414 3880 multarum

348 3910 415 3971 loca
449 3918 591 3969 terrarum
622 3907 816 3986 regionesque
849 3906 1008 3985 Hispaniae
1044 3905 1072 3965 in
1105 3904 1237 3966 ecclesiis
1271 3920 1418 3962 commen·

294 3991 297 3998 ’
349 3999 450 4056 duturr
479 3994 598 4073 diguam
628 4005 671 4052 est
708 3998 737 4050 ιιι
771 4002 887 4072 propter
916 3991 1051 4051 unitateru
1090 3990 1170 4069 pacis
1198 3989 1227 4048 iu
1256 3983 1418 4046 Gallicanis

333 4077 484 4141 ‘ecclesiis
512 4067 727 4138 ιοιιιιιιιιιιι.)ι
783 4077 872 4136 Porro
908 4075 1014 4136 mirum
1049 4084 1107 4149 cst,
1143 4092 1229 4151 quiam
1265 4066 1417 4145 multiplex
1474 4076 1477 4081 '

352 4180 381 4225 ιι
410 4161 511 4222 erarius
535 4161 722 4221 eeclesiarum
754 4161 839 4219 lucrit
866 4180 938 4220 usus
971 4161 999 4220 iu
1023 4158 1183 4248 illucereo
1213 4152 1417 4214 herrediceude.

351 4250 452 4312 Habes
474 4267 565 4325 supra
587 4247 671 4307 citum
685 4246 929 4318 Ambrosianum,
951 4244 1114 4303 aRomauo
1133 4239 1260 4318 plurima
1274 4258 1311 4298 ex
1333 4244 1415 4316 parte

350 4336 516 4408 diversum,
548 4332 643 4409 legisti
674 4330 802 4390 ordinem
833 4329 1021 4388 lldunarabum
1048 4324 1093 4384 rui
1122 4322 1194 4384 nihil
1217 4324 1292 4383 inest
1313 4318 1419 4382 simili·

350 4417 459 4480 tudinis
475 4438 537 4477 curu
553 4418 695 4477 Romano.
737 4415 794 4472 Sed
810 4423 837 4472 ιι
850 4413 918 4472 illae
937 4409 1076 4469 ecelesiae
1098 4427 1172 4487 purte
1186 4409 1351 4468 Romanum
1375 4402 1417 4462 ri-

345 4512 414 4565 'tum
438 4504 631 4581 sequebantur
678 4519 733 4558 nou
756 4499 831 4559 idem
854 4514 971 4555 carmen
993 4511 1108 4554 sacreum
1130 4495 1165 4551 ad
1186 4492 1316 4552 Curcum·
1333 4491 1426 4549 hene·

357 4588 511 4655 diceudum
525 4546 708 4655 adhibebunt.
749 4582 834 4666 Apud
855 4581 930 4644 alios
946 4578 1023 4644 ιιιὶιιι
1043 4579 1080 4642 ad
1094 4577 1177 4642 illurn
1190 4596 1305 4641 cereum
1327 4584 1422 4638 truns-
