<?xml version="1.0" encoding="UTF-8"?>
<!DOCTYPE html PUBLIC "-//W3C//DTD XHTML 1.0 Transitional//EN"
    "http://www.w3.org/TR/xhtml1/DTD/xhtml1-transitional.dtd">
<html xmlns="http://www.w3.org/1999/xhtml" xml:lang="en" lang="en">
 <head>
  <title>
</title>
<meta http-equiv="Content-Type" content="text/html;charset=utf-8" />
  <meta name='ocr-system' content='tesseract 3.04.00' />
  <meta name='ocr-capabilities' content='ocr_page ocr_carea ocr_par ocr_line ocrx_word'/>
</head>
<body>
  <div class='ocr_page' id='page_1' title='image "./thesaurushymnol02danigoog/thesaurushymnol02danigoog_0135.png"; bbox 0 0 3750 5400; ppageno 0'>
   <div class='ocr_carea' id='block_1_1' title="bbox 341 709 358 741">
    <p class='ocr_par' dir='ltr' id='par_1_1' title="bbox 341 709 358 741">
     <span class='ocr_line' id='line_1_1' title="bbox 341 709 358 741; baseline 0 -19"><span class='ocrx_word' id='word_1_1' title='bbox 341 709 358 741; x_wconf 46' lang='lat' dir='ltr'><strong>,a</strong></span> 
     </span>
    </p>
   </div>
   <div class='ocr_carea' id='block_1_2' title="bbox 859 688 984 764">
    <p class='ocr_par' dir='ltr' id='par_1_2' title="bbox 859 688 984 764">
     <span class='ocr_line' id='line_1_2' title="bbox 859 688 984 764; baseline 0.024 -3"><span class='ocrx_word' id='word_1_2' title='bbox 859 688 947 764; x_wconf 79' lang='lat' dir='ltr'><strong>lla</strong></span> <span class='ocrx_word' id='word_1_3' title='bbox 975 710 984 729; x_wconf 62' lang='lat'>⁸</span> 
     </span>
    </p>
   </div>
   <div class='ocr_carea' id='block_1_3' title="bbox 365 858 1481 1701">
    <p class='ocr_par' dir='ltr' id='par_1_3' title="bbox 365 858 1481 1701">
     <span class='ocr_line' id='line_1_3' title="bbox 368 858 1434 945; baseline 0.008 -22"><span class='ocrx_word' id='word_1_4' title='bbox 368 858 469 940; x_wconf 74' lang='lat' dir='ltr'><strong>magis</strong></span> <span class='ocrx_word' id='word_1_5' title='bbox 490 860 658 940; x_wconf 82' lang='lat' dir='ltr'><strong>comprobat</strong></span> <span class='ocrx_word' id='word_1_6' title='bbox 670 861 887 927; x_wconf 75' lang='lat' dir='ltr'><strong>ae&#39;coullrmat.</strong></span> <span class='ocrx_word' id='word_1_7' title='bbox 936 864 966 926; x_wconf 89' lang='lat' dir='ltr'><strong>ls</strong></span> <span class='ocrx_word' id='word_1_8' title='bbox 986 873 1082 926; x_wconf 89' lang='lat' dir='ltr'><strong>autem</strong></span> <span class='ocrx_word' id='word_1_9' title='bbox 1098 864 1146 944; x_wconf 89' lang='lat' dir='ltr'><strong>qni</strong></span> <span class='ocrx_word' id='word_1_10' title='bbox 1167 864 1323 928; x_wconf 73' lang='lat' dir='ltr'><strong>eanhcnma</strong></span> <span class='ocrx_word' id='word_1_11' title='bbox 1343 864 1434 945; x_wconf 81' lang='lat' dir='ltr'><strong>Dies</strong></span> 
     </span>
     <span class='ocr_line' id='line_1_4' title="bbox 366 943 1435 1027; baseline 0.012 -22"><span class='ocrx_word' id='word_1_12' title='bbox 366 946 456 1008; x_wconf 86' lang='lat' dir='ltr'><strong>irae</strong></span> <span class='ocrx_word' id='word_1_13' title='bbox 478 943 509 1006; x_wconf 91' lang='lat' dir='ltr'><strong>in</strong></span> <span class='ocrx_word' id='word_1_14' title='bbox 531 943 728 1025; x_wconf 86' lang='lat' dir='ltr'><strong>Germanicis,</strong></span> <span class='ocrx_word' id='word_1_15' title='bbox 750 947 888 1027; x_wconf 76' lang='lat' dir='ltr'><strong>Gallicis,</strong></span> <span class='ocrx_word' id='word_1_16' title='bbox 916 949 1050 1027; x_wconf 75' lang='lat' dir='ltr'><strong>anglicis</strong></span> <span class='ocrx_word' id='word_1_17' title='bbox 1075 948 1247 1011; x_wconf 86' lang='lat' dir='ltr'><strong>Missalihns</strong></span> <span class='ocrx_word' id='word_1_18' title='bbox 1274 959 1342 1013; x_wconf 86' lang='lat' dir='ltr'><strong>ante</strong></span> <span class='ocrx_word' id='word_1_19' title='bbox 1367 970 1435 1018; x_wconf 75' lang='lat' dir='ltr'><strong>eta·</strong></span> 
     </span>
     <span class='ocr_line' id='line_1_5' title="bbox 367 1027 1481 1117; baseline 0.01 -25"><span class='ocrx_word' id='word_1_20' title='bbox 367 1029 427 1092; x_wconf 82' lang='lat' dir='ltr'><strong>cali</strong></span> <span class='ocrx_word' id='word_1_21' title='bbox 450 1028 515 1092; x_wconf 86' lang='lat' dir='ltr'><strong>XV.</strong></span> <span class='ocrx_word' id='word_1_22' title='bbox 537 1027 624 1091; x_wconf 82' lang='lat' dir='ltr'><strong>finem</strong></span> <span class='ocrx_word' id='word_1_23' title='bbox 645 1031 692 1092; x_wconf 81' lang='lat' dir='ltr'><strong>vel</strong></span> <span class='ocrx_word' id='word_1_24' title='bbox 714 1050 790 1096; x_wconf 86' lang='lat' dir='ltr'><strong>saec.</strong></span> <span class='ocrx_word' id='word_1_25' title='bbox 813 1032 889 1100; x_wconf 83' lang='lat' dir='ltr'><strong>XVl.</strong></span> <span class='ocrx_word' id='word_1_26' title='bbox 910 1031 993 1095; x_wconf 85' lang='lat' dir='ltr'><strong>initia</strong></span> <span class='ocrx_word' id='word_1_27' title='bbox 1013 1032 1097 1094; x_wconf 78' lang='lat' dir='ltr'><strong>enias</strong></span> <span class='ocrx_word' id='word_1_28' title='bbox 1117 1032 1320 1113; x_wconf 64' lang='lat' dir='ltr'><strong>investigaret,</strong></span> <span class='ocrx_word' id='word_1_29' title='bbox 1348 1056 1444 1117; x_wconf 70' lang='lat' dir='ltr'><strong>prae·</strong></span> <span class='ocrx_word' id='word_1_30' title='bbox 1477 1090 1481 1103; x_wconf 79' lang='grc'>.</span> 
     </span>
     <span class='ocr_line' id='line_1_6' title="bbox 365 1112 1434 1199; baseline 0.007 -24"><span class='ocrx_word' id='word_1_31' title='bbox 365 1114 426 1176; x_wconf 85' lang='lat' dir='ltr'><strong>min</strong></span> <span class='ocrx_word' id='word_1_32' title='bbox 454 1112 647 1193; x_wconf 75' lang='lat' dir='ltr'><strong>dignissimus</strong></span> <span class='ocrx_word' id='word_1_33' title='bbox 669 1113 790 1183; x_wconf 75' lang='lat' dir='ltr'><strong>vitetur:</strong></span> <span class='ocrx_word' id='word_1_34' title='bbox 843 1116 934 1178; x_wconf 90' lang='lat' dir='ltr'><strong>lmma</strong></span> <span class='ocrx_word' id='word_1_35' title='bbox 967 1117 1018 1178; x_wconf 89' lang='lat' dir='ltr'><strong>illo</strong></span> <span class='ocrx_word' id='word_1_36' title='bbox 1052 1116 1115 1197; x_wconf 87' lang='lat' dir='ltr'><strong>ipso</strong></span> <span class='ocrx_word' id='word_1_37' title='bbox 1153 1126 1282 1196; x_wconf 91' lang='lat' dir='ltr'><strong>tempore</strong></span> <span class='ocrx_word' id='word_1_38' title='bbox 1308 1120 1434 1199; x_wconf 83' lang='lat' dir='ltr'><strong>hymnus</strong></span> 
     </span>
     <span class='ocr_line' id='line_1_7' title="bbox 367 1197 1435 1281; baseline 0.007 -21"><span class='ocrx_word' id='word_1_39' title='bbox 367 1209 428 1260; x_wconf 83' lang='lat' dir='ltr'><strong>tam</strong></span> <span class='ocrx_word' id='word_1_40' title='bbox 464 1217 532 1259; x_wconf 86' lang='lat' dir='ltr'><strong>raro</strong></span> <span class='ocrx_word' id='word_1_41' title='bbox 570 1198 714 1277; x_wconf 86' lang='lat' dir='ltr'><strong>reperitur</strong></span> <span class='ocrx_word' id='word_1_42' title='bbox 742 1210 771 1260; x_wconf 89' lang='lat' dir='ltr'><strong>ut</strong></span> <span class='ocrx_word' id='word_1_43' title='bbox 798 1220 855 1264; x_wconf 87' lang='lat' dir='ltr'><strong>aon</strong></span> <span class='ocrx_word' id='word_1_44' title='bbox 888 1201 969 1280; x_wconf 87' lang='lat' dir='ltr'><strong>prins</strong></span> <span class='ocrx_word' id='word_1_45' title='bbox 1002 1220 1088 1281; x_wconf 76' lang='lat' dir='ltr'><strong>quiam</strong></span> <span class='ocrx_word' id='word_1_46' title='bbox 1119 1201 1242 1263; x_wconf 84' lang='lat' dir='ltr'><strong>Missale</strong></span> <span class='ocrx_word' id='word_1_47' title='bbox 1269 1197 1435 1274; x_wconf 61' lang='lat' dir='ltr'><strong>&amp;manem</strong></span> 
     </span>
     <span class='ocr_line' id='line_1_8' title="bbox 369 1281 1439 1363; baseline 0.005 -19"><span class='ocrx_word' id='word_1_48' title='bbox 369 1281 504 1346; x_wconf 76' lang='lat' dir='ltr'><strong>omnihus</strong></span> <span class='ocrx_word' id='word_1_49' title='bbox 534 1282 667 1348; x_wconf 75' lang='lat' dir='ltr'><strong>ecelesiis</strong></span> <span class='ocrx_word' id='word_1_50' title='bbox 689 1286 948 1363; x_wconf 75' lang='lat' dir='ltr'><strong>praescriberetur,</strong></span> <span class='ocrx_word' id='word_1_51' title='bbox 980 1284 1009 1345; x_wconf 92' lang='lat' dir='ltr'><strong>in</strong></span> <span class='ocrx_word' id='word_1_52' title='bbox 1032 1284 1078 1346; x_wconf 89' lang='lat' dir='ltr'><strong>his</strong></span> <span class='ocrx_word' id='word_1_53' title='bbox 1099 1286 1266 1363; x_wconf 78' lang='lat' dir='ltr'><strong>regionibus</strong></span> <span class='ocrx_word' id='word_1_54' title='bbox 1288 1295 1365 1348; x_wconf 87' lang='lat' dir='ltr'><strong>esset</strong></span> <span class='ocrx_word' id='word_1_55' title='bbox 1386 1308 1439 1349; x_wconf 67' lang='grc' dir='ltr'><strong>τοι·</strong></span> 
     </span>
     <span class='ocr_line' id='line_1_9' title="bbox 367 1359 1433 1451; baseline 0.006 -24"><span class='ocrx_word' id='word_1_56' title='bbox 367 1369 479 1446; x_wconf 84' lang='lat' dir='ltr'><strong>e&#39;eptus.</strong></span> <span class='ocrx_word' id='word_1_57' title='bbox 493 1362 526 1448; x_wconf 73' lang='lat' dir='ltr'><strong>*l</strong></span> <span class='ocrx_word' id='word_1_58' title='bbox 567 1366 624 1429; x_wconf 86' lang='lat' dir='ltr'><strong>His</strong></span> <span class='ocrx_word' id='word_1_59' title='bbox 647 1366 735 1446; x_wconf 73' lang='lat' dir='ltr'><strong>igitur</strong></span> <span class='ocrx_word' id='word_1_60' title='bbox 756 1369 889 1431; x_wconf 86' lang='lat' dir='ltr'><strong>omnihus</strong></span> <span class='ocrx_word' id='word_1_61' title='bbox 901 1369 1117 1451; x_wconf 72' lang='lat' dir='ltr'><strong>comprehensis</strong></span> <span class='ocrx_word' id='word_1_62' title='bbox 1138 1368 1209 1431; x_wconf 88' lang='lat' dir='ltr'><strong>satis</strong></span> <span class='ocrx_word' id='word_1_63' title='bbox 1223 1380 1300 1430; x_wconf 90' lang='lat' dir='ltr'><strong>certe</strong></span> <span class='ocrx_word' id='word_1_64' title='bbox 1312 1359 1433 1433; x_wconf 83' lang='lat' dir='ltr'><strong>&#39;conclu-</strong></span> 
     </span>
     <span class='ocr_line' id='line_1_10' title="bbox 367 1451 1432 1533; baseline 0.008 -23"><span class='ocrx_word' id='word_1_65' title='bbox 367 1451 435 1511; x_wconf 82' lang='lat' dir='ltr'><strong>tlere</strong></span> <span class='ocrx_word' id='word_1_66' title='bbox 465 1451 547 1528; x_wconf 90' lang='lat' dir='ltr'><strong>licet,</strong></span> <span class='ocrx_word' id='word_1_67' title='bbox 581 1461 728 1513; x_wconf 83' lang='lat' dir='ltr'><strong>auctorem</strong></span> <span class='ocrx_word' id='word_1_68' title='bbox 757 1452 861 1515; x_wconf 90' lang='lat' dir='ltr'><strong>ltalum</strong></span> <span class='ocrx_word' id='word_1_69' title='bbox 896 1454 1091 1533; x_wconf 83' lang='lat' dir='ltr'><strong>hymnumque</strong></span> <span class='ocrx_word' id='word_1_70' title='bbox 1121 1452 1215 1533; x_wconf 88' lang='lat' dir='ltr'><strong>ipsum</strong></span> <span class='ocrx_word' id='word_1_71' title='bbox 1242 1454 1280 1514; x_wconf 89' lang='lat' dir='ltr'><strong>ah</strong></span> <span class='ocrx_word' id='word_1_72' title='bbox 1309 1455 1432 1518; x_wconf 85' lang='lat' dir='ltr'><strong>ecclesis</strong></span> 
     </span>
     <span class='ocr_line' id='line_1_11' title="bbox 367 1527 1432 1618; baseline 0.006 -24"><span class='ocrx_word' id='word_1_73' title='bbox 367 1537 405 1596; x_wconf 85' lang='lat' dir='ltr'><strong>orl</strong></span> <span class='ocrx_word' id='word_1_74' title='bbox 426 1527 505 1602; x_wconf 67' lang='grc' dir='ltr'><strong>ΧΠ.</strong></span> <span class='ocrx_word' id='word_1_75' title='bbox 533 1535 682 1596; x_wconf 86' lang='lat' dir='ltr'><strong>saeculnm</strong></span> <span class='ocrx_word' id='word_1_76' title='bbox 710 1556 800 1615; x_wconf 81' lang='lat' dir='ltr'><strong>nsque</strong></span> <span class='ocrx_word' id='word_1_77' title='bbox 828 1557 886 1598; x_wconf 92' lang='lat' dir='ltr'><strong>non</strong></span> <span class='ocrx_word' id='word_1_78' title='bbox 915 1537 1020 1616; x_wconf 83' lang='lat' dir='ltr'><strong>tihiqoe</strong></span> <span class='ocrx_word' id='word_1_79' title='bbox 1047 1557 1111 1598; x_wconf 89' lang='lat' dir='ltr'><strong>esse</strong></span> <span class='ocrx_word' id='word_1_80' title='bbox 1138 1536 1291 1602; x_wconf 81' lang='lat' dir='ltr'><strong>sancitum.</strong></span> <span class='ocrx_word' id='word_1_81' title='bbox 1338 1539 1432 1618; x_wconf 77' lang='lat' dir='ltr'><strong>Atque</strong></span> 
     </span>
     <span class='ocr_line' id='line_1_12' title="bbox 367 1618 1433 1701; baseline 0.005 -22"><span class='ocrx_word' id='word_1_82' title='bbox 367 1619 514 1681; x_wconf 83' lang='lat' dir='ltr'><strong>Thomam</strong></span> <span class='ocrx_word' id='word_1_83' title='bbox 540 1637 559 1681; x_wconf 85' lang='lat' dir='ltr'><strong>a</strong></span> <span class='ocrx_word' id='word_1_84' title='bbox 585 1618 695 1680; x_wconf 86' lang='lat' dir='ltr'><strong>Celano</strong></span> <span class='ocrx_word' id='word_1_85' title='bbox 723 1639 839 1682; x_wconf 86' lang='lat' dir='ltr'><strong>carruca</strong></span> <span class='ocrx_word' id='word_1_86' title='bbox 869 1620 1008 1683; x_wconf 85' lang='lat' dir='ltr'><strong>cecinisse</strong></span> <span class='ocrx_word' id='word_1_87' title='bbox 1036 1641 1123 1700; x_wconf 89' lang='lat' dir='ltr'><strong>quom</strong></span> <span class='ocrx_word' id='word_1_88' title='bbox 1146 1640 1266 1701; x_wconf 86' lang='lat' dir='ltr'><strong>prorsus</strong></span> <span class='ocrx_word' id='word_1_89' title='bbox 1286 1622 1433 1684; x_wconf 82' lang='lat' dir='ltr'><strong>evidenter</strong></span> 
     </span>
    </p>
   </div>
   <div class='ocr_carea' id='block_1_4' title="bbox 324 1700 1582 1784">
    <p class='ocr_par' dir='ltr' id='par_1_4' title="bbox 324 1700 1582 1784">
     <span class='ocr_line' id='line_1_13' title="bbox 324 1700 1582 1784; baseline 0.002 -21"><span class='ocrx_word' id='word_1_90' title='bbox 324 1735 327 1744; x_wconf 85' lang='lat'>·</span> <span class='ocrx_word' id='word_1_91' title='bbox 366 1703 557 1770; x_wconf 80' lang='lat' dir='ltr'><strong>demonstrari</strong></span> <span class='ocrx_word' id='word_1_92' title='bbox 580 1711 716 1781; x_wconf 89' lang='lat' dir='ltr'><strong>nequeat,</strong></span> <span class='ocrx_word' id='word_1_93' title='bbox 738 1714 835 1767; x_wconf 71' lang='lat' dir='ltr'><strong>maren</strong></span> <span class='ocrx_word' id='word_1_94' title='bbox 855 1707 927 1766; x_wconf 88' lang='lat' dir='ltr'><strong>haee</strong></span> <span class='ocrx_word' id='word_1_95' title='bbox 949 1700 1186 1784; x_wconf 81' lang='lat' dir='ltr'><strong>opiniomaxirue</strong></span> <span class='ocrx_word' id='word_1_96' title='bbox 1207 1705 1366 1784; x_wconf 78' lang='lat' dir='ltr'><strong>probabilis</strong></span> <span class='ocrx_word' id='word_1_97' title='bbox 1387 1706 1427 1770; x_wconf 85' lang='lat' dir='ltr'><strong>ni·</strong></span> <span class='ocrx_word' id='word_1_98' title='bbox 1533 1745 1537 1758; x_wconf 89' lang='grc'><strong>.-</strong></span> <span class='ocrx_word' id='word_1_99' title='bbox 1580 1759 1582 1765; x_wconf 95' lang='grc'>.</span> 
     </span>
    </p>
   </div>
   <div class='ocr_carea' id='block_1_5' title="bbox 365 1788 1482 2373">
    <p class='ocr_par' dir='ltr' id='par_1_5' title="bbox 365 1788 1482 2373">
     <span class='ocr_line' id='line_1_14' title="bbox 366 1788 1433 1867; baseline 0.006 -20"><span class='ocrx_word' id='word_1_100' title='bbox 366 1788 450 1849; x_wconf 86' lang='lat' dir='ltr'><strong>detor</strong></span> <span class='ocrx_word' id='word_1_101' title='bbox 471 1806 536 1848; x_wconf 92' lang='lat' dir='ltr'><strong>esse</strong></span> <span class='ocrx_word' id='word_1_102' title='bbox 555 1803 675 1866; x_wconf 85' lang='lat' dir='ltr'><strong>eamque</strong></span> <span class='ocrx_word' id='word_1_103' title='bbox 695 1788 758 1848; x_wconf 85' lang='lat' dir='ltr'><strong>iure</strong></span> <span class='ocrx_word' id='word_1_104' title='bbox 778 1788 1022 1863; x_wconf 89' lang='lat' dir='ltr'><strong>Mohuikins,</strong></span> <span class='ocrx_word' id='word_1_105' title='bbox 1043 1788 1318 1867; x_wconf 88' lang='lat' dir='ltr'><strong>Ramhachius,</strong></span> <span class='ocrx_word' id='word_1_106' title='bbox 1339 1790 1433 1854; x_wconf 82' lang='lat' dir='ltr'><strong>Fin-</strong></span> 
     </span>
     <span class='ocr_line' id='line_1_15' title="bbox 365 1870 1433 1951; baseline 0.003 -19"><span class='ocrx_word' id='word_1_107' title='bbox 365 1870 457 1932; x_wconf 84' lang='lat' dir='ltr'><strong>kins</strong></span> <span class='ocrx_word' id='word_1_108' title='bbox 475 1889 512 1931; x_wconf 88' lang='lat' dir='ltr'><strong>ae</strong></span> <span class='ocrx_word' id='word_1_109' title='bbox 532 1870 643 1932; x_wconf 84' lang='lat' dir='ltr'><strong>Lisco</strong></span> <span class='ocrx_word' id='word_1_110' title='bbox 664 1886 832 1950; x_wconf 83' lang='lat' dir='ltr'><strong>sequautur.</strong></span> <span class='ocrx_word' id='word_1_111' title='bbox 873 1873 974 1935; x_wconf 80' lang='lat' dir='ltr'><strong>Habes</strong></span> <span class='ocrx_word' id='word_1_112' title='bbox 997 1892 1048 1951; x_wconf 90' lang='lat' dir='ltr'><strong>pro</strong></span> <span class='ocrx_word' id='word_1_113' title='bbox 1066 1874 1121 1934; x_wconf 91' lang='lat' dir='ltr'><strong>hae</strong></span> <span class='ocrx_word' id='word_1_114' title='bbox 1142 1873 1284 1934; x_wconf 86' lang='lat' dir='ltr'><strong>sententia</strong></span> <span class='ocrx_word' id='word_1_115' title='bbox 1303 1874 1433 1936; x_wconf 89' lang='lat' dir='ltr'><strong>testimo·</strong></span> 
     </span>
     <span class='ocr_line' id='line_1_16' title="bbox 366 1954 1430 2038; baseline 0.006 -23"><span class='ocrx_word' id='word_1_116' title='bbox 366 1956 448 2016; x_wconf 91' lang='lat' dir='ltr'><strong>nium</strong></span> <span class='ocrx_word' id='word_1_117' title='bbox 481 1954 706 2017; x_wconf 72' lang='lat' dir='ltr'><strong>vetustissimum</strong></span> <span class='ocrx_word' id='word_1_118' title='bbox 736 1956 948 2019; x_wconf 86' lang='lat' dir='ltr'><strong>Bartholomaei</strong></span> <span class='ocrx_word' id='word_1_119' title='bbox 980 1955 1097 2033; x_wconf 84' lang='lat' dir='ltr'><strong>Pisani,</strong></span> <span class='ocrx_word' id='word_1_120' title='bbox 1126 1957 1217 2019; x_wconf 86' lang='lat' dir='ltr'><strong>hahes</strong></span> <span class='ocrx_word' id='word_1_121' title='bbox 1257 1957 1430 2038; x_wconf 83' lang='lat' dir='ltr'><strong>vituperium</strong></span> 
     </span>
     <span class='ocr_line' id='line_1_17' title="bbox 365 2035 1432 2119; baseline 0.004 -19"><span class='ocrx_word' id='word_1_122' title='bbox 365 2038 444 2101; x_wconf 80' lang='lat' dir='ltr'><strong>sixti</strong></span> <span class='ocrx_word' id='word_1_123' title='bbox 466 2035 624 2115; x_wconf 85' lang='lat' dir='ltr'><strong>Senensis,</strong></span> <span class='ocrx_word' id='word_1_124' title='bbox 656 2042 730 2119; x_wconf 78' lang='lat' dir='ltr'><strong>quael</strong></span> <span class='ocrx_word' id='word_1_125' title='bbox 761 2041 825 2102; x_wconf 80' lang='lat' dir='ltr'><strong>otlio</strong></span> <span class='ocrx_word' id='word_1_126' title='bbox 845 2040 1079 2104; x_wconf 79' lang='lat' dir='ltr'><strong>Praedicatorum</strong></span> <span class='ocrx_word' id='word_1_127' title='bbox 1107 2040 1137 2101; x_wconf 90' lang='lat' dir='ltr'><strong>in</strong></span> <span class='ocrx_word' id='word_1_128' title='bbox 1165 2043 1271 2102; x_wconf 82' lang='lat' dir='ltr'><strong>iratres</strong></span> <span class='ocrx_word' id='word_1_129' title='bbox 1299 2042 1432 2104; x_wconf 84' lang='lat' dir='ltr'><strong>Minores</strong></span> 
     </span>
     <span class='ocr_line' id='line_1_18' title="bbox 366 2124 1431 2205; baseline 0.003 -21"><span class='ocrx_word' id='word_1_130' title='bbox 366 2124 439 2184; x_wconf 86' lang='lat' dir='ltr'><strong>hene</strong></span> <span class='ocrx_word' id='word_1_131' title='bbox 468 2142 629 2202; x_wconf 83' lang='lat' dir='ltr'><strong>congruere</strong></span> <span class='ocrx_word' id='word_1_132' title='bbox 650 2124 771 2185; x_wconf 82' lang='lat' dir='ltr'><strong>ridetur.</strong></span> <span class='ocrx_word' id='word_1_133' title='bbox 820 2125 920 2205; x_wconf 81' lang='lat' dir='ltr'><strong>Neque</strong></span> <span class='ocrx_word' id='word_1_134' title='bbox 948 2124 1098 2204; x_wconf 78' lang='lat' dir='ltr'><strong>ingenium</strong></span> <span class='ocrx_word' id='word_1_135' title='bbox 1121 2135 1148 2185; x_wconf 90' lang='lat' dir='ltr'><strong>et</strong></span> <span class='ocrx_word' id='word_1_136' title='bbox 1175 2146 1271 2188; x_wconf 86' lang='lat' dir='ltr'><strong>mores</strong></span> <span class='ocrx_word' id='word_1_137' title='bbox 1298 2127 1431 2191; x_wconf 78' lang='lat' dir='ltr'><strong>Thomas</strong></span> 
     </span>
     <span class='ocr_line' id='line_1_19' title="bbox 366 2201 1482 2288; baseline 0.004 -19"><span class='ocrx_word' id='word_1_138' title='bbox 366 2205 416 2288; x_wconf 84' lang='lat' dir='ltr'><strong>qni</strong></span> <span class='ocrx_word' id='word_1_139' title='bbox 444 2207 483 2268; x_wconf 83' lang='lat' dir='ltr'><strong>ex</strong></span> <span class='ocrx_word' id='word_1_140' title='bbox 519 2205 641 2268; x_wconf 89' lang='lat' dir='ltr'><strong>historia</strong></span> <span class='ocrx_word' id='word_1_141' title='bbox 676 2215 806 2270; x_wconf 78' lang='lat' dir='ltr'><strong>conatam</strong></span> <span class='ocrx_word' id='word_1_142' title='bbox 840 2208 979 2270; x_wconf 88' lang='lat' dir='ltr'><strong>carminis</strong></span> <span class='ocrx_word' id='word_1_143' title='bbox 1015 2208 1103 2270; x_wconf 87' lang='lat' dir='ltr'><strong>indoli</strong></span> <span class='ocrx_word' id='word_1_144' title='bbox 1137 2220 1311 2288; x_wconf 78' lang='lat' dir='ltr'><strong>repugnant.</strong></span> <span class='ocrx_word' id='word_1_145' title='bbox 1375 2212 1432 2273; x_wconf 88' lang='lat' dir='ltr'><strong>lta·</strong></span> <span class='ocrx_word' id='word_1_146' title='bbox 1458 2201 1482 2223; x_wconf 80' lang='lat'><strong>&#39;&#39;</strong></span> 
     </span>
     <span class='ocr_line' id='line_1_20' title="bbox 366 2290 1469 2373; baseline 0.002 -21"><span class='ocrx_word' id='word_1_147' title='bbox 366 2311 421 2371; x_wconf 87' lang='lat' dir='ltr'><strong>qne</strong></span> <span class='ocrx_word' id='word_1_148' title='bbox 444 2311 533 2370; x_wconf 84' lang='lat' dir='ltr'><strong>quum</strong></span> <span class='ocrx_word' id='word_1_149' title='bbox 556 2290 693 2353; x_wconf 87' lang='lat' dir='ltr'><strong>Missalia</strong></span> <span class='ocrx_word' id='word_1_150' title='bbox 715 2291 831 2354; x_wconf 83' lang='lat' dir='ltr'><strong>Ordinis</strong></span> <span class='ocrx_word' id='word_1_151' title='bbox 845 2292 878 2359; x_wconf 84' lang='lat' dir='ltr'><strong>S.</strong></span> <span class='ocrx_word' id='word_1_152' title='bbox 895 2291 1045 2355; x_wconf 84' lang='lat' dir='ltr'><strong>Francisci</strong></span> <span class='ocrx_word' id='word_1_153' title='bbox 1066 2293 1322 2373; x_wconf 77' lang='lat' dir='ltr'><strong>pervulgatissima</strong></span> <span class='ocrx_word' id='word_1_154' title='bbox 1334 2303 1432 2357; x_wconf 89' lang='lat' dir='ltr'><strong>essent</strong></span> <span class='ocrx_word' id='word_1_155' title='bbox 1467 2311 1469 2317; x_wconf 78' lang='grc'><em>’</em></span> 
     </span>
    </p>
   </div>
   <div class='ocr_carea' id='block_1_6' title="bbox 349 2365 1549 2478">
    <p class='ocr_par' dir='ltr' id='par_1_6' title="bbox 349 2365 1549 2478">
     <span class='ocr_line' id='line_1_21' title="bbox 349 2365 1549 2478; baseline 0.003 -41"><span class='ocrx_word' id='word_1_156' title='bbox 349 2377 396 2440; x_wconf 70' lang='lat' dir='ltr'><strong>in</strong></span> <span class='ocrx_word' id='word_1_157' title='bbox 414 2373 516 2452; x_wconf 83' lang='lat' dir='ltr'><strong>ltalia,</strong></span> <span class='ocrx_word' id='word_1_158' title='bbox 536 2377 611 2437; x_wconf 90' lang='lat' dir='ltr'><strong>hano</strong></span> <span class='ocrx_word' id='word_1_159' title='bbox 632 2377 810 2455; x_wconf 85' lang='lat' dir='ltr'><strong>sequentiam</strong></span> <span class='ocrx_word' id='word_1_160' title='bbox 832 2378 932 2438; x_wconf 85' lang='lat' dir='ltr'><strong>eodem</strong></span> <span class='ocrx_word' id='word_1_161' title='bbox 954 2378 1038 2437; x_wconf 73' lang='lat' dir='ltr'><strong>mollo</strong></span> <span class='ocrx_word' id='word_1_162' title='bbox 1060 2365 1269 2456; x_wconf 71' lang='lat' dir='ltr'><strong>qua-phosam:</strong></span> <span class='ocrx_word' id='word_1_163' title='bbox 1297 2378 1439 2442; x_wconf 85' lang='lat' dir='ltr'><strong>Stabat·</strong></span> <span class='ocrx_word' id='word_1_164' title='bbox 1486 2431 1488 2435; x_wconf 95' lang='lat'>.</span> <span class='ocrx_word' id='word_1_165' title='bbox 1544 2464 1549 2478; x_wconf 71' lang='lat'><strong>,</strong></span> 
     </span>
    </p>
   </div>
   <div class='ocr_carea' id='block_1_7' title="bbox 365 2459 1431 2623">
    <p class='ocr_par' dir='ltr' id='par_1_7' title="bbox 365 2459 1431 2623">
     <span class='ocr_line' id='line_1_22' title="bbox 366 2459 1430 2539; baseline 0.004 -17"><span class='ocrx_word' id='word_1_166' title='bbox 366 2470 488 2522; x_wconf 83' lang='lat' dir='ltr'><strong>mater</strong></span> <span class='ocrx_word' id='word_1_167' title='bbox 522 2459 745 2539; x_wconf 78' lang='lat' dir='ltr'><strong>transmigrasse</strong></span> <span class='ocrx_word' id='word_1_168' title='bbox 779 2461 814 2521; x_wconf 81' lang='lat' dir='ltr'><strong>aa</strong></span> <span class='ocrx_word' id='word_1_169' title='bbox 850 2470 938 2522; x_wconf 85' lang='lat' dir='ltr'><strong>totam</strong></span> <span class='ocrx_word' id='word_1_170' title='bbox 972 2460 1101 2535; x_wconf 88' lang='lat' dir='ltr'><strong>ltaliam,</strong></span> <span class='ocrx_word' id='word_1_171' title='bbox 1140 2460 1222 2539; x_wconf 91' lang='lat' dir='ltr'><strong>dein,</strong></span> <span class='ocrx_word' id='word_1_172' title='bbox 1261 2464 1297 2523; x_wconf 86' lang='lat' dir='ltr'><strong>ad</strong></span> <span class='ocrx_word' id='word_1_173' title='bbox 1330 2464 1430 2526; x_wconf 85' lang='lat' dir='ltr'><strong>erlem</strong></span> 
     </span>
     <span class='ocr_line' id='line_1_23' title="bbox 365 2543 1431 2623; baseline 0.002 -17"><span class='ocrx_word' id='word_1_174' title='bbox 365 2543 565 2606; x_wconf 78' lang='lat' dir='ltr'><strong>Christianum</strong></span> <span class='ocrx_word' id='word_1_175' title='bbox 593 2564 649 2605; x_wconf 89' lang='lat' dir='ltr'><strong>uon</strong></span> <span class='ocrx_word' id='word_1_176' title='bbox 670 2555 713 2605; x_wconf 91' lang='lat' dir='ltr'><strong>cst</strong></span> <span class='ocrx_word' id='word_1_177' title='bbox 734 2546 808 2623; x_wconf 80' lang='lat' dir='ltr'><strong>quoa</strong></span> <span class='ocrx_word' id='word_1_178' title='bbox 837 2545 1018 2614; x_wconf 76' lang='lat' dir='ltr'><strong>druhitemus3</strong></span> <span class='ocrx_word' id='word_1_179' title='bbox 1046 2545 1146 2606; x_wconf 86' lang='lat' dir='ltr'><strong>conier</strong></span> <span class='ocrx_word' id='word_1_180' title='bbox 1172 2557 1322 2623; x_wconf 86' lang='lat' dir='ltr'><strong>practerea</strong></span> <span class='ocrx_word' id='word_1_181' title='bbox 1351 2566 1431 2608; x_wconf 90' lang='lat' dir='ltr'><strong>eom-</strong></span> 
     </span>
    </p>
   </div>
   <div class='ocr_carea' id='block_1_8' title="bbox 294 2627 1430 2710">
    <p class='ocr_par' dir='ltr' id='par_1_8' title="bbox 294 2627 1430 2710">
     <span class='ocr_line' id='line_1_24' title="bbox 294 2627 1430 2710; baseline 0.003 -21"><span class='ocrx_word' id='word_1_182' title='bbox 294 2669 295 2678; x_wconf 29' lang='lat'><em>*</em></span> <span class='ocrx_word' id='word_1_183' title='bbox 365 2627 585 2704; x_wconf 78' lang='lat' dir='ltr'><strong>mactationem,</strong></span> <span class='ocrx_word' id='word_1_184' title='bbox 605 2646 623 2688; x_wconf 90' lang='lat' dir='ltr'><strong>a</strong></span> <span class='ocrx_word' id='word_1_185' title='bbox 646 2628 716 2690; x_wconf 81' lang='lat' dir='ltr'><strong>viris</strong></span> <span class='ocrx_word' id='word_1_186' title='bbox 729 2629 821 2692; x_wconf 81' lang='lat' dir='ltr'><strong>cloelis</strong></span> <span class='ocrx_word' id='word_1_187' title='bbox 842 2630 935 2690; x_wconf 92' lang='lat' dir='ltr'><strong>adhuc</strong></span> <span class='ocrx_word' id='word_1_188' title='bbox 955 2648 1014 2688; x_wconf 90' lang='lat' dir='ltr'><strong>non</strong></span> <span class='ocrx_word' id='word_1_189' title='bbox 1027 2627 1190 2703; x_wconf 74' lang='lat' dir='ltr'><strong>latratorum,</strong></span> <span class='ocrx_word' id='word_1_190' title='bbox 1211 2632 1246 2690; x_wconf 87' lang='lat' dir='ltr'><strong>ad</strong></span> <span class='ocrx_word' id='word_1_191' title='bbox 1269 2649 1356 2710; x_wconf 85' lang='lat' dir='ltr'><strong>qaam</strong></span> <span class='ocrx_word' id='word_1_192' title='bbox 1376 2650 1430 2692; x_wconf 92' lang='lat' dir='ltr'><strong>neo</strong></span> 
     </span>
    </p>
   </div>
   <div class='ocr_carea' id='block_1_9' title="bbox 364 2712 1501 3045">
    <p class='ocr_par' dir='ltr' id='par_1_9' title="bbox 364 2712 1501 3045">
     <span class='ocr_line' id='line_1_25' title="bbox 365 2712 1430 2790; baseline 0 -13"><span class='ocrx_word' id='word_1_193' title='bbox 365 2713 438 2777; x_wconf 85' lang='lat' dir='ltr'><strong>mihi</strong></span> <span class='ocrx_word' id='word_1_194' title='bbox 460 2712 557 2776; x_wconf 84' lang='lat' dir='ltr'><strong>aditus</strong></span> <span class='ocrx_word' id='word_1_195' title='bbox 580 2714 712 2790; x_wconf 68' lang='lat' dir='ltr'><strong>patelieri</strong></span> <span class='ocrx_word' id='word_1_196' title='bbox 737 2712 876 2775; x_wconf 87' lang='lat' dir='ltr'><strong>Giaruale</strong></span> <span class='ocrx_word' id='word_1_197' title='bbox 897 2715 932 2774; x_wconf 81' lang='lat' dir='ltr'><strong>eo</strong></span> <span class='ocrx_word' id='word_1_198' title='bbox 953 2712 1084 2775; x_wconf 82' lang='lat' dir='ltr'><strong>Litterati</strong></span> <span class='ocrx_word' id='word_1_199' title='bbox 1113 2713 1223 2776; x_wconf 84' lang='lat' dir='ltr'><strong>d&#39;ltalia</strong></span> <span class='ocrx_word' id='word_1_200' title='bbox 1244 2715 1331 2778; x_wconf 83' lang='lat' dir='ltr'><strong>Tora.</strong></span> <span class='ocrx_word' id='word_1_201' title='bbox 1353 2715 1430 2779; x_wconf 85' lang='lat' dir='ltr'><strong>Xlll.</strong></span> 
     </span>
     <span class='ocr_line' id='line_1_26' title="bbox 364 2796 1430 2876; baseline 0 -15"><span class='ocrx_word' id='word_1_202' title='bbox 364 2797 469 2871; x_wconf 57' lang='lat' dir='ltr'><strong>Actia„</strong></span> <span class='ocrx_word' id='word_1_203' title='bbox 487 2796 633 2861; x_wconf 86' lang='lat' dir='ltr'><strong>ll..Scie</strong></span> <span class='ocrx_word' id='word_1_204' title='bbox 664 2807 759 2857; x_wconf 92' lang='lat' dir='ltr'><strong>tamen</strong></span> <span class='ocrx_word' id='word_1_205' title='bbox 787 2797 817 2858; x_wconf 91' lang='lat' dir='ltr'><strong>in</strong></span> <span class='ocrx_word' id='word_1_206' title='bbox 845 2799 902 2860; x_wconf 90' lang='lat' dir='ltr'><strong>hae</strong></span> <span class='ocrx_word' id='word_1_207' title='bbox 935 2816 1049 2876; x_wconf 84' lang='lat' dir='ltr'><strong>qnoque</strong></span> <span class='ocrx_word' id='word_1_208' title='bbox 1080 2797 1280 2859; x_wconf 84' lang='lat' dir='ltr'><strong>dissertatione</strong></span> <span class='ocrx_word' id='word_1_209' title='bbox 1312 2817 1430 2861; x_wconf 83' lang='lat' dir='ltr'><strong>carmen</strong></span> 
     </span>
     <span class='ocr_line' id='line_1_27' title="bbox 365 2880 1501 2962; baseline 0.002 -18"><span class='ocrx_word' id='word_1_210' title='bbox 365 2882 500 2944; x_wconf 72' lang='lat' dir='ltr'><strong>Thomas</strong></span> <span class='ocrx_word' id='word_1_211' title='bbox 521 2900 587 2962; x_wconf 80' lang='lat' dir='ltr'><strong>esse</strong></span> <span class='ocrx_word' id='word_1_212' title='bbox 607 2880 793 2960; x_wconf 83' lang='lat' dir='ltr'><strong>adscriptum.</strong></span> <span class='ocrx_word' id='word_1_213' title='bbox 837 2881 929 2962; x_wconf 78' lang='lat' dir='ltr'><strong>igitur</strong></span> <span class='ocrx_word' id='word_1_214' title='bbox 944 2882 1018 2961; x_wconf 89' lang='lat' dir='ltr'><strong>quod</strong></span> <span class='ocrx_word' id='word_1_215' title='bbox 1032 2884 1068 2942; x_wconf 92' lang='lat' dir='ltr'><strong>ad</strong></span> <span class='ocrx_word' id='word_1_216' title='bbox 1090 2897 1256 2958; x_wconf 75' lang='lat' dir='ltr'><strong>acuerem,</strong></span> <span class='ocrx_word' id='word_1_217' title='bbox 1277 2883 1430 2961; x_wconf 86' lang='lat' dir='ltr'><strong>spectatis·</strong></span> <span class='ocrx_word' id='word_1_218' title='bbox 1495 2911 1501 2925; x_wconf 72' lang='lat'><strong><em>¹</em></strong></span> 
     </span>
     <span class='ocr_line' id='line_1_28' title="bbox 364 2965 1429 3045; baseline 0.002 -17"><span class='ocrx_word' id='word_1_219' title='bbox 364 2966 506 3028; x_wconf 88' lang='lat' dir='ltr'><strong>simorum</strong></span> <span class='ocrx_word' id='word_1_220' title='bbox 533 2965 662 3027; x_wconf 82' lang='lat' dir='ltr'><strong>virorum</strong></span> <span class='ocrx_word' id='word_1_221' title='bbox 689 2965 860 3027; x_wconf 86' lang='lat' dir='ltr'><strong>seutentiam</strong></span> <span class='ocrx_word' id='word_1_222' title='bbox 889 2967 1013 3027; x_wconf 80' lang='lat' dir='ltr'><strong>libenter</strong></span> <span class='ocrx_word' id='word_1_223' title='bbox 1038 2968 1145 3045; x_wconf 71' lang='lat' dir='ltr'><strong>prober</strong></span> <span class='ocrx_word' id='word_1_224' title='bbox 1173 2968 1246 3045; x_wconf 84' lang='lat' dir='ltr'><strong>qrrorl</strong></span> <span class='ocrx_word' id='word_1_225' title='bbox 1274 2968 1310 3029; x_wconf 88' lang='lat' dir='ltr'><strong>ad</strong></span> <span class='ocrx_word' id='word_1_226' title='bbox 1332 2977 1429 3031; x_wconf 82' lang='lat' dir='ltr'><strong>textus</strong></span> 
     </span>
    </p>
   </div>
   <div class='ocr_carea' id='block_1_10' title="bbox 326 3049 1544 3300">
    <p class='ocr_par' dir='ltr' id='par_1_10' title="bbox 326 3049 1544 3300">
     <span class='ocr_line' id='line_1_29' title="bbox 326 3049 1429 3131; baseline -0.002 -19"><span class='ocrx_word' id='word_1_227' title='bbox 326 3052 330 3058; x_wconf 83' lang='grc'><strong>’</strong></span> <span class='ocrx_word' id='word_1_228' title='bbox 364 3051 504 3131; x_wconf 80' lang='lat' dir='ltr'><strong>primitivi</strong></span> <span class='ocrx_word' id='word_1_229' title='bbox 525 3049 666 3111; x_wconf 86' lang='lat' dir='ltr'><strong>rationem</strong></span> <span class='ocrx_word' id='word_1_230' title='bbox 688 3051 725 3110; x_wconf 87' lang='lat' dir='ltr'><strong>ah</strong></span> <span class='ocrx_word' id='word_1_231' title='bbox 747 3049 785 3112; x_wconf 88' lang='lat' dir='ltr'><strong>iis</strong></span> <span class='ocrx_word' id='word_1_232' title='bbox 805 3050 928 3116; x_wconf 84' lang='lat' dir='ltr'><strong>discedo.</strong></span> <span class='ocrx_word' id='word_1_233' title='bbox 971 3049 1132 3129; x_wconf 86' lang='lat' dir='ltr'><strong>Utrumque</strong></span> <span class='ocrx_word' id='word_1_234' title='bbox 1158 3051 1235 3111; x_wconf 90' lang='lat' dir='ltr'><strong>euim</strong></span> <span class='ocrx_word' id='word_1_235' title='bbox 1262 3070 1379 3112; x_wconf 86' lang='lat' dir='ltr'><strong>carruca</strong></span> <span class='ocrx_word' id='word_1_236' title='bbox 1401 3061 1429 3111; x_wconf 90' lang='lat' dir='ltr'><strong>et</strong></span> 
     </span>
     <span class='ocr_line' id='line_1_30' title="bbox 330 3132 1429 3216; baseline -0.003 -19"><span class='ocrx_word' id='word_1_237' title='bbox 330 3144 333 3161; x_wconf 84' lang='lat'><strong>¹</strong></span> <span class='ocrx_word' id='word_1_238' title='bbox 365 3135 521 3205; x_wconf 82' lang='lat' dir='ltr'><strong>marmoris</strong></span> <span class='ocrx_word' id='word_1_239' title='bbox 533 3133 686 3196; x_wconf 86' lang='lat' dir='ltr'><strong>Mantuani</strong></span> <span class='ocrx_word' id='word_1_240' title='bbox 700 3143 728 3194; x_wconf 92' lang='lat' dir='ltr'><strong>et</strong></span> <span class='ocrx_word' id='word_1_241' title='bbox 741 3132 979 3210; x_wconf 87' lang='lat' dir='ltr'><strong>Heemmerliuii,</strong></span> <span class='ocrx_word' id='word_1_242' title='bbox 999 3134 1051 3216; x_wconf 86' lang='lat' dir='ltr'><strong>(ci.</strong></span> <span class='ocrx_word' id='word_1_243' title='bbox 1064 3136 1118 3194; x_wconf 86' lang='lat' dir='ltr'><strong>suh</strong></span> <span class='ocrx_word' id='word_1_244' title='bbox 1134 3133 1156 3194; x_wconf 93' lang='lat' dir='ltr'><strong>l.</strong></span> <span class='ocrx_word' id='word_1_245' title='bbox 1172 3144 1200 3194; x_wconf 92' lang='lat' dir='ltr'><strong>et</strong></span> <span class='ocrx_word' id='word_1_246' title='bbox 1223 3133 1271 3214; x_wconf 90' lang='lat' dir='ltr'><strong>ll.)</strong></span> <span class='ocrx_word' id='word_1_247' title='bbox 1295 3144 1374 3197; x_wconf 86' lang='lat' dir='ltr'><strong>texto</strong></span> <span class='ocrx_word' id='word_1_248' title='bbox 1392 3135 1429 3196; x_wconf 86' lang='lat' dir='ltr'><strong>ah</strong></span> 
     </span>
     <span class='ocr_line' id='line_1_31' title="bbox 365 3216 1544 3300; baseline -0.002 -19"><span class='ocrx_word' id='word_1_249' title='bbox 365 3218 491 3281; x_wconf 85' lang='lat' dir='ltr'><strong>eeclesia</strong></span> <span class='ocrx_word' id='word_1_250' title='bbox 510 3220 629 3300; x_wconf 86' lang='lat' dir='ltr'><strong>prolato</strong></span> <span class='ocrx_word' id='word_1_251' title='bbox 658 3218 814 3298; x_wconf 86' lang='lat' dir='ltr'><strong>opiuautnc</strong></span> <span class='ocrx_word' id='word_1_252' title='bbox 839 3217 990 3279; x_wconf 83' lang='lat' dir='ltr'><strong>vetustius.</strong></span> <span class='ocrx_word' id='word_1_253' title='bbox 1035 3216 1165 3278; x_wconf 83' lang='lat' dir='ltr'><strong>Primum</strong></span> <span class='ocrx_word' id='word_1_254' title='bbox 1187 3218 1253 3296; x_wconf 83' lang='lat' dir='ltr'><strong>quid</strong></span> <span class='ocrx_word' id='word_1_255' title='bbox 1275 3221 1310 3277; x_wconf 85' lang='lat' dir='ltr'><strong>‹le</strong></span> <span class='ocrx_word' id='word_1_256' title='bbox 1333 3218 1429 3296; x_wconf 83' lang='lat' dir='ltr'><strong>priore</strong></span> <span class='ocrx_word' id='word_1_257' title='bbox 1537 3235 1544 3255; x_wconf 47' lang='lat' dir='ltr'><strong>r</strong></span> 
     </span>
    </p>
   </div>
   <div class='ocr_carea' id='block_1_11' title="bbox 363 3292 1430 3565">
    <p class='ocr_par' dir='ltr' id='par_1_11' title="bbox 363 3292 1430 3565">
     <span class='ocr_line' id='line_1_32' title="bbox 363 3292 1429 3381; baseline -0.002 -16"><span class='ocrx_word' id='word_1_258' title='bbox 363 3292 416 3365; x_wconf 84' lang='lat' dir='ltr'><strong>illa</strong></span> <span class='ocrx_word' id='word_1_259' title='bbox 438 3304 582 3367; x_wconf 82' lang='lat' dir='ltr'><strong>cantilena</strong></span> <span class='ocrx_word' id='word_1_260' title='bbox 610 3302 753 3365; x_wconf 86' lang='lat' dir='ltr'><strong>censuerit</strong></span> <span class='ocrx_word' id='word_1_261' title='bbox 780 3301 953 3365; x_wconf 86' lang='lat' dir='ltr'><strong>Mohuikins</strong></span> <span class='ocrx_word' id='word_1_262' title='bbox 977 3300 1142 3362; x_wconf 76' lang='lat' dir='ltr'><strong>erudiamus:</strong></span> <span class='ocrx_word' id='word_1_263' title='bbox 1172 3301 1240 3376; x_wconf 84' lang='lat' dir='ltr'><strong>„Es</strong></span> <span class='ocrx_word' id='word_1_264' title='bbox 1262 3304 1341 3381; x_wconf 80' lang='lat' dir='ltr'><strong>lriigt</strong></span> <span class='ocrx_word' id='word_1_265' title='bbox 1366 3301 1429 3363; x_wconf 87' lang='lat' dir='ltr'><strong>sich</strong></span> 
     </span>
     <span class='ocr_line' id='line_1_33' title="bbox 363 3384 1429 3466; baseline -0.005 -15"><span class='ocrx_word' id='word_1_266' title='bbox 363 3390 451 3466; x_wconf 82' lang='lat' dir='ltr'><strong>aher,</strong></span> <span class='ocrx_word' id='word_1_267' title='bbox 472 3387 526 3450; x_wconf 80' lang='lat' dir='ltr'><strong>nie</strong></span> <span class='ocrx_word' id='word_1_268' title='bbox 545 3387 650 3449; x_wconf 88' lang='lat' dir='ltr'><strong>lautate</strong></span> <span class='ocrx_word' id='word_1_269' title='bbox 672 3389 747 3447; x_wconf 89' lang='lat' dir='ltr'><strong>deun</strong></span> <span class='ocrx_word' id='word_1_270' title='bbox 768 3386 819 3447; x_wconf 79' lang='lat' dir='ltr'><strong>cler</strong></span> <span class='ocrx_word' id='word_1_271' title='bbox 839 3385 973 3465; x_wconf 80' lang='lat' dir='ltr'><strong>Hymnus</strong></span> <span class='ocrx_word' id='word_1_272' title='bbox 993 3384 1222 3464; x_wconf 81' lang='lat' dir='ltr'><strong>urspriinglichi</strong></span> <span class='ocrx_word' id='word_1_273' title='bbox 1257 3386 1330 3449; x_wconf 86' lang='lat' dir='ltr'><strong>Was</strong></span> <span class='ocrx_word' id='word_1_274' title='bbox 1351 3387 1429 3448; x_wconf 85' lang='lat' dir='ltr'><strong>hatte</strong></span> 
     </span>
     <span class='ocr_line' id='line_1_34' title="bbox 365 3467 1430 3565; baseline -0.004 -29"><span class='ocrx_word' id='word_1_275' title='bbox 365 3493 399 3536; x_wconf 87' lang='lat' dir='ltr'><strong>er</strong></span> <span class='ocrx_word' id='word_1_276' title='bbox 423 3472 521 3552; x_wconf 81' lang='lat' dir='ltr'><strong>nieht,</strong></span> <span class='ocrx_word' id='word_1_277' title='bbox 550 3490 611 3535; x_wconf 82' lang='lat' dir='ltr'><strong>was</strong></span> <span class='ocrx_word' id='word_1_278' title='bbox 637 3470 702 3534; x_wconf 86' lang='lat' dir='ltr'><strong>sich</strong></span> <span class='ocrx_word' id='word_1_279' title='bbox 727 3492 759 3565; x_wconf 47' lang='lat' dir='ltr'><strong>aln</strong></span> <span class='ocrx_word' id='word_1_280' title='bbox 786 3471 852 3532; x_wconf 87' lang='lat' dir='ltr'><strong>dem</strong></span> <span class='ocrx_word' id='word_1_281' title='bbox 873 3469 927 3532; x_wconf 88' lang='lat' dir='ltr'><strong>seit</strong></span> <span class='ocrx_word' id='word_1_282' title='bbox 948 3467 1123 3548; x_wconf 80' lang='lat' dir='ltr'><strong>wenigstens</strong></span> <span class='ocrx_word' id='word_1_283' title='bbox 1150 3471 1336 3534; x_wconf 83' lang='lat' dir='ltr'><strong>dreihonrlert</strong></span> <span class='ocrx_word' id='word_1_284' title='bbox 1359 3470 1430 3534; x_wconf 84' lang='lat' dir='ltr'><strong>tah-</strong></span> 
     </span>
    </p>
   </div>
   <div class='ocr_carea' id='block_1_12' title="bbox 370 3623 680 3640">
    <p class='ocr_par' dir='ltr' id='par_1_12' title="bbox 370 3623 680 3640">
     <span class='ocr_line' id='line_1_35' title="bbox 370 3623 680 3640; baseline 0 -6"><span class='ocrx_word' id='word_1_285' title='bbox 370 3623 680 3640; x_wconf 61' lang='lat' dir='ltr'><strong>——0—-a</strong></span> 
     </span>
    </p>
   </div>
   <div class='ocr_carea' id='block_1_13' title="bbox 431 3703 1430 3778">
    <p class='ocr_par' dir='ltr' id='par_1_13' title="bbox 431 3703 1430 3778">
     <span class='ocr_line' id='line_1_36' title="bbox 431 3703 1430 3778; baseline 0.001 -22"><span class='ocrx_word' id='word_1_286' title='bbox 431 3703 465 3774; x_wconf 54' lang='lat'><strong>2)</strong></span> <span class='ocrx_word' id='word_1_287' title='bbox 487 3708 516 3771; x_wconf 87' lang='lat' dir='ltr'><strong>lp</strong></span> <span class='ocrx_word' id='word_1_288' title='bbox 547 3706 702 3758; x_wconf 84' lang='lat' dir='ltr'><strong>Miasalibus</strong></span> <span class='ocrx_word' id='word_1_289' title='bbox 734 3707 919 3760; x_wconf 86' lang='lat' dir='ltr'><strong>Bibliothecae</strong></span> <span class='ocrx_word' id='word_1_290' title='bbox 950 3710 1136 3776; x_wconf 81' lang='lat' dir='ltr'><strong>manuscriptis</strong></span> <span class='ocrx_word' id='word_1_291' title='bbox 1177 3726 1245 3778; x_wconf 85' lang='lat' dir='ltr'><strong>quae</strong></span> <span class='ocrx_word' id='word_1_292' title='bbox 1270 3706 1430 3777; x_wconf 79' lang='lat' dir='ltr'><strong>perlustravi</strong></span> 
     </span>
    </p>
   </div>
   <div class='ocr_carea' id='block_1_14' title="bbox 349 3759 1594 3893">
    <p class='ocr_par' dir='ltr' id='par_1_14' title="bbox 349 3759 1594 3893">
     <span class='ocr_line' id='line_1_37' title="bbox 349 3759 1594 3893; baseline 0.001 -66"><span class='ocrx_word' id='word_1_293' title='bbox 349 3759 447 3827; x_wconf 65' lang='lat' dir='ltr'><strong>‘unum</strong></span> <span class='ocrx_word' id='word_1_294' title='bbox 465 3777 532 3826; x_wconf 86' lang='lat' dir='ltr'><strong>mihi</strong></span> <span class='ocrx_word' id='word_1_295' title='bbox 550 3776 658 3827; x_wconf 84' lang='lat' dir='ltr'><strong>Prosam</strong></span> <span class='ocrx_word' id='word_1_296' title='bbox 675 3777 800 3893; x_wconf 54' lang='lat' dir='ltr'><strong>graebnit</strong></span> <span class='ocrx_word' id='word_1_297' title='bbox 818 3777 929 3827; x_wconf 85' lang='lat' dir='ltr'><strong>Missale</strong></span> <span class='ocrx_word' id='word_1_298' title='bbox 952 3779 1107 3828; x_wconf 84' lang='lat' dir='ltr'><strong>monasterii</strong></span> <span class='ocrx_word' id='word_1_299' title='bbox 1130 3780 1340 3846; x_wconf 81' lang='lat' dir='ltr'><strong>Tegecuseensis</strong></span> <span class='ocrx_word' id='word_1_300' title='bbox 1359 3794 1430 3828; x_wconf 86' lang='lat' dir='ltr'><strong>anno</strong></span> <span class='ocrx_word' id='word_1_301' title='bbox 1534 3817 1536 3823; x_wconf 91' lang='lat'><em>.</em></span> <span class='ocrx_word' id='word_1_302' title='bbox 1588 3836 1594 3855; x_wconf 28' lang='lat' dir='ltr'>N</span> 
     </span>
    </p>
   </div>
   <div class='ocr_carea' id='block_1_15' title="bbox 364 3841 1430 4047">
    <p class='ocr_par' dir='ltr' id='par_1_15' title="bbox 364 3841 1430 4047">
     <span class='ocr_line' id='line_1_38' title="bbox 366 3841 1430 3912; baseline 0.001 -17"><span class='ocrx_word' id='word_1_303' title='bbox 366 3843 433 3896; x_wconf 80' lang='lat'><strong>1499</strong></span> <span class='ocrx_word' id='word_1_304' title='bbox 457 3841 672 3902; x_wconf 56' lang='lat' dir='ltr'><strong>exaestuant&amp;</strong></span> <span class='ocrx_word' id='word_1_305' title='bbox 695 3880 701 3893; x_wconf 94' lang='lat'><em>.</em></span> <span class='ocrx_word' id='word_1_306' title='bbox 730 3843 787 3910; x_wconf 88' lang='lat'>17.)</span> <span class='ocrx_word' id='word_1_307' title='bbox 815 3847 955 3896; x_wconf 82' lang='lat' dir='ltr'><strong>Praeterea</strong></span> <span class='ocrx_word' id='word_1_308' title='bbox 987 3847 1146 3912; x_wconf 83' lang='lat' dir='ltr'><strong>investigavi</strong></span> <span class='ocrx_word' id='word_1_309' title='bbox 1172 3850 1201 3895; x_wconf 88' lang='lat' dir='ltr'><strong>in</strong></span> <span class='ocrx_word' id='word_1_310' title='bbox 1219 3846 1324 3895; x_wconf 84' lang='lat' dir='ltr'><strong>Misssli</strong></span> <span class='ocrx_word' id='word_1_311' title='bbox 1343 3846 1430 3896; x_wconf 83' lang='lat' dir='ltr'><strong>Bran·</strong></span> 
     </span>
     <span class='ocr_line' id='line_1_39' title="bbox 364 3912 1428 3979; baseline 0 -17"><span class='ocrx_word' id='word_1_312' title='bbox 364 3912 544 3979; x_wconf 77' lang='lat' dir='ltr'><strong>decubui-gensi</strong></span> <span class='ocrx_word' id='word_1_313' title='bbox 569 3921 596 3961; x_wconf 87' lang='lat' dir='ltr'><strong>et</strong></span> <span class='ocrx_word' id='word_1_314' title='bbox 622 3913 841 3978; x_wconf 83' lang='lat' dir='ltr'><strong>Havelbecgeusi.</strong></span> <span class='ocrx_word' id='word_1_315' title='bbox 884 3915 927 3963; x_wconf 88' lang='lat' dir='ltr'><strong>Ut·</strong></span> <span class='ocrx_word' id='word_1_316' title='bbox 942 3912 1025 3964; x_wconf 82' lang='lat' dir='ltr'><strong>refert</strong></span> <span class='ocrx_word' id='word_1_317' title='bbox 1051 3915 1223 3976; x_wconf 83' lang='lat' dir='ltr'><strong>Mohuikins,</strong></span> <span class='ocrx_word' id='word_1_318' title='bbox 1250 3913 1428 3964; x_wconf 85' lang='lat' dir='ltr'><strong>Rambachius</strong></span> 
     </span>
     <span class='ocr_line' id='line_1_40' title="bbox 364 3977 1428 4047; baseline -0.004 -15"><span class='ocrx_word' id='word_1_319' title='bbox 364 3983 471 4032; x_wconf 77' lang='lat' dir='ltr'><strong>invenit</strong></span> <span class='ocrx_word' id='word_1_320' title='bbox 489 3977 662 4046; x_wconf 82' lang='lat' dir='ltr'><strong>Sequentiam</strong></span> <span class='ocrx_word' id='word_1_321' title='bbox 680 3983 708 4030; x_wconf 92' lang='lat' dir='ltr'><strong>in</strong></span> <span class='ocrx_word' id='word_1_322' title='bbox 735 3979 832 4031; x_wconf 80' lang='lat' dir='ltr'><strong>Ol&#39;ficio</strong></span> <span class='ocrx_word' id='word_1_323' title='bbox 850 3980 1046 4032; x_wconf 80' lang='lat' dir='ltr'><strong>Defunctorum</strong></span> <span class='ocrx_word' id='word_1_324' title='bbox 1060 3983 1276 4044; x_wconf 86' lang='lat' dir='ltr'><strong>Hammouiensi,</strong></span> <span class='ocrx_word' id='word_1_325' title='bbox 1295 3979 1368 4047; x_wconf 85' lang='lat' dir='ltr'><strong>quod</strong></span> <span class='ocrx_word' id='word_1_326' title='bbox 1385 3991 1428 4028; x_wconf 88' lang='lat' dir='ltr'><strong>ta-</strong></span> 
     </span>
    </p>
   </div>
   <div class='ocr_carea' id='block_1_16' title="bbox 347 4047 1427 4167">
    <p class='ocr_par' dir='ltr' id='par_1_16' title="bbox 347 4047 1427 4167">
     <span class='ocr_line' id='line_1_41' title="bbox 347 4047 1427 4167; baseline -0.002 -69"><span class='ocrx_word' id='word_1_327' title='bbox 347 4058 426 4106; x_wconf 65' lang='lat' dir='ltr'><strong>,iu&#39;eu</strong></span> <span class='ocrx_word' id='word_1_328' title='bbox 451 4047 746 4116; x_wconf 74' lang='lat' dir='ltr'><strong>saeculuuc‚decimum</strong></span> <span class='ocrx_word' id='word_1_329' title='bbox 770 4051 891 4117; x_wconf 85' lang='lat' dir='ltr'><strong>quintum</strong></span> <span class='ocrx_word' id='word_1_330' title='bbox 920 4049 992 4098; x_wconf 85' lang='lat' dir='ltr'><strong>hand</strong></span> <span class='ocrx_word' id='word_1_331' title='bbox 1023 4068 1149 4117; x_wconf 83' lang='lat' dir='ltr'><strong>superare</strong></span> <span class='ocrx_word' id='word_1_332' title='bbox 1176 4053 1238 4167; x_wconf 52' lang='lat' dir='ltr'><strong>iffa</strong></span> <span class='ocrx_word' id='word_1_333' title='bbox 1269 4049 1427 4113; x_wconf 78' lang='lat' dir='ltr'><strong>suspicatur.</strong></span> 
     </span>
    </p>
   </div>
   <div class='ocr_carea' id='block_1_17' title="bbox 363 4116 1429 4171">
    <p class='ocr_par' dir='ltr' id='par_1_17' title="bbox 363 4116 1429 4171">
     <span class='ocr_line' id='line_1_42' title="bbox 363 4116 1429 4171; baseline -0.004 -3"><span class='ocrx_word' id='word_1_334' title='bbox 363 4119 446 4168; x_wconf 82' lang='lat' dir='ltr'><strong>Porro</strong></span> <span class='ocrx_word' id='word_1_335' title='bbox 465 4120 493 4166; x_wconf 90' lang='lat' dir='ltr'><strong>ia</strong></span> <span class='ocrx_word' id='word_1_336' title='bbox 513 4116 597 4166; x_wconf 84' lang='lat' dir='ltr'><strong>tribus</strong></span> <span class='ocrx_word' id='word_1_337' title='bbox 622 4116 777 4166; x_wconf 87' lang='lat' dir='ltr'><strong>dioeceseos</strong></span> <span class='ocrx_word' id='word_1_338' title='bbox 799 4116 967 4171; x_wconf 76' lang='lat' dir='ltr'><strong>Suarineusis</strong></span> <span class='ocrx_word' id='word_1_339' title='bbox 995 4118 1148 4169; x_wconf 82' lang='lat' dir='ltr'><strong>lllissalibus</strong></span> <span class='ocrx_word' id='word_1_340' title='bbox 1211 4117 1335 4167; x_wconf 79' lang='lat' dir='ltr'><strong>ohnilaius</strong></span> <span class='ocrx_word' id='word_1_341' title='bbox 1359 4116 1429 4164; x_wconf 82' lang='lat' dir='ltr'><strong>Pro-</strong></span> 
     </span>
    </p>
   </div>
   <div class='ocr_carea' id='block_1_18' title="bbox 330 4184 1428 4252">
    <p class='ocr_par' dir='ltr' id='par_1_18' title="bbox 330 4184 1428 4252">
     <span class='ocr_line' id='line_1_43' title="bbox 330 4184 1428 4252; baseline -0.005 -16"><span class='ocrx_word' id='word_1_342' title='bbox 330 4190 334 4203; x_wconf 84' lang='grc'><strong>“</strong></span> <span class='ocrx_word' id='word_1_343' title='bbox 364 4204 418 4237; x_wconf 82' lang='lat' dir='ltr'><strong>saun</strong></span> <span class='ocrx_word' id='word_1_344' title='bbox 444 4184 616 4236; x_wconf 84' lang='lat' dir='ltr'><strong>desideravit.</strong></span> <span class='ocrx_word' id='word_1_345' title='bbox 664 4184 745 4235; x_wconf 77' lang='lat' dir='ltr'><strong>Addo</strong></span> <span class='ocrx_word' id='word_1_346' title='bbox 771 4185 824 4235; x_wconf 87' lang='lat' dir='ltr'><strong>clia</strong></span> <span class='ocrx_word' id='word_1_347' title='bbox 843 4203 867 4236; x_wconf 92' lang='lat' dir='ltr'><strong>e.</strong></span> <span class='ocrx_word' id='word_1_348' title='bbox 892 4204 917 4250; x_wconf 86' lang='lat' dir='ltr'><strong>g.</strong></span> <span class='ocrx_word' id='word_1_349' title='bbox 940 4185 1146 4252; x_wconf 79' lang='lat' dir='ltr'><strong>Moguutinum,</strong></span> <span class='ocrx_word' id='word_1_350' title='bbox 1167 4185 1231 4235; x_wconf 77' lang='lat'><strong>1482</strong></span> <span class='ocrx_word' id='word_1_351' title='bbox 1259 4184 1428 4246; x_wconf 83' lang='lat' dir='ltr'><strong>Frisiugeuse</strong></span> 
     </span>
    </p>
   </div>
   <div class='ocr_carea' id='block_1_19' title="bbox 361 4245 1437 4668">
    <p class='ocr_par' dir='ltr' id='par_1_19' title="bbox 361 4245 1437 4668">
     <span class='ocr_line' id='line_1_44' title="bbox 364 4245 1427 4317; baseline -0.002 -14"><span class='ocrx_word' id='word_1_352' title='bbox 364 4253 447 4317; x_wconf 80' lang='lat'><strong>1487,</strong></span> <span class='ocrx_word' id='word_1_353' title='bbox 480 4250 700 4302; x_wconf 83' lang='lat' dir='ltr'><strong>Eichstaedtense</strong></span> <span class='ocrx_word' id='word_1_354' title='bbox 732 4248 813 4314; x_wconf 82' lang='lat'><strong>1487,</strong></span> <span class='ocrx_word' id='word_1_355' title='bbox 846 4254 1008 4304; x_wconf 84' lang='lat' dir='ltr'><strong>Petavieose</strong></span> <span class='ocrx_word' id='word_1_356' title='bbox 1032 4253 1111 4317; x_wconf 83' lang='grc'><strong>1491,</strong></span> <span class='ocrx_word' id='word_1_357' title='bbox 1143 4251 1320 4304; x_wconf 84' lang='lat' dir='ltr'><strong>Cistercieuse</strong></span> <span class='ocrx_word' id='word_1_358' title='bbox 1353 4245 1427 4314; x_wconf 71' lang='grc'><strong>1501,</strong></span> 
     </span>
     <span class='ocr_line' id='line_1_45' title="bbox 363 4315 1428 4389; baseline -0.006 -17"><span class='ocrx_word' id='word_1_359' title='bbox 363 4323 497 4389; x_wconf 82' lang='lat' dir='ltr'><strong>l’uageuse</strong></span> <span class='ocrx_word' id='word_1_360' title='bbox 521 4320 602 4382; x_wconf 80' lang='lat'><strong>1507,</strong></span> <span class='ocrx_word' id='word_1_361' title='bbox 626 4318 767 4370; x_wconf 86' lang='lat' dir='ltr'><strong>hliudeuse</strong></span> <span class='ocrx_word' id='word_1_362' title='bbox 792 4321 872 4382; x_wconf 81' lang='lat'><strong>1513,</strong></span> <span class='ocrx_word' id='word_1_363' title='bbox 892 4320 1095 4388; x_wconf 85' lang='lat' dir='ltr'><strong>Numburgeuse</strong></span> <span class='ocrx_word' id='word_1_364' title='bbox 1115 4320 1196 4382; x_wconf 82' lang='lat'><strong>1517,</strong></span> <span class='ocrx_word' id='word_1_365' title='bbox 1224 4315 1428 4368; x_wconf 85' lang='lat' dir='ltr'><strong>Praem&#39;oustrn-</strong></span> 
     </span>
     <span class='ocr_line' id='line_1_46' title="bbox 362 4381 1437 4455; baseline -0.006 -15"><span class='ocrx_word' id='word_1_366' title='bbox 362 4401 437 4442; x_wconf 85' lang='lat' dir='ltr'><strong>tense</strong></span> <span class='ocrx_word' id='word_1_367' title='bbox 458 4381 553 4440; x_wconf 79' lang='lat'>1530.‘</span> <span class='ocrx_word' id='word_1_368' title='bbox 570 4387 682 4438; x_wconf 85' lang='lat' dir='ltr'><strong>Accedit</strong></span> <span class='ocrx_word' id='word_1_369' title='bbox 702 4386 775 4455; x_wconf 88' lang='lat' dir='ltr'><strong>quod</strong></span> <span class='ocrx_word' id='word_1_370' title='bbox 793 4391 889 4439; x_wconf 86' lang='lat' dir='ltr'><strong>summi</strong></span> <span class='ocrx_word' id='word_1_371' title='bbox 913 4389 1041 4455; x_wconf 85' lang='lat' dir='ltr'><strong>ponderis</strong></span> <span class='ocrx_word' id='word_1_372' title='bbox 1066 4400 1114 4440; x_wconf 86' lang='lat' dir='ltr'><strong>est.</strong></span> <span class='ocrx_word' id='word_1_373' title='bbox 1149 4387 1225 4441; x_wconf 81' lang='lat' dir='ltr'><strong>Libri</strong></span> <span class='ocrx_word' id='word_1_374' title='bbox 1252 4385 1437 4446; x_wconf 80' lang='lat' dir='ltr'><strong>Clichtoeaei,</strong></span> 
     </span>
     <span class='ocr_line' id='line_1_47' title="bbox 361 4453 1429 4526; baseline -0.007 -17"><span class='ocrx_word' id='word_1_375' title='bbox 361 4459 483 4526; x_wconf 83' lang='lat' dir='ltr'><strong>Adelphi</strong></span> <span class='ocrx_word' id='word_1_376' title='bbox 505 4469 532 4507; x_wconf 82' lang='lat' dir='ltr'><strong>er</strong></span> <span class='ocrx_word' id='word_1_377' title='bbox 550 4456 705 4507; x_wconf 86' lang='lat' dir='ltr'><strong>Torrentini</strong></span> <span class='ocrx_word' id='word_1_378' title='bbox 731 4462 989 4509; x_wconf 82' lang='lat' dir='ltr'><strong>omnes··caatiusnt</strong></span> <span class='ocrx_word' id='word_1_379' title='bbox 1010 4458 1105 4506; x_wconf 80' lang='lat' dir='ltr'><strong>Prosus</strong></span> <span class='ocrx_word' id='word_1_380' title='bbox 1126 4473 1195 4523; x_wconf 85' lang='lat' dir='ltr'><strong>quas</strong></span> <span class='ocrx_word' id='word_1_381' title='bbox 1219 4465 1283 4503; x_wconf 89' lang='lat' dir='ltr'><strong>tunc</strong></span> <span class='ocrx_word' id='word_1_382' title='bbox 1300 4453 1429 4521; x_wconf 79' lang='lat' dir='ltr'><strong>temporis</strong></span> 
     </span>
     <span class='ocr_line' id='line_1_48' title="bbox 362 4520 1429 4592; baseline -0.007 -15"><span class='ocrx_word' id='word_1_383' title='bbox 362 4528 389 4579; x_wconf 85' lang='lat' dir='ltr'><strong>ia</strong></span> <span class='ocrx_word' id='word_1_384' title='bbox 409 4527 572 4583; x_wconf 74' lang='lat' dir='ltr'><strong>Catuiacia,</strong></span> <span class='ocrx_word' id='word_1_385' title='bbox 598 4524 701 4588; x_wconf 84' lang='lat' dir='ltr'><strong>Gallia,</strong></span> <span class='ocrx_word' id='word_1_386' title='bbox 727 4523 863 4592; x_wconf 78' lang='lat' dir='ltr'><strong>ilungaria</strong></span> <span class='ocrx_word' id='word_1_387' title='bbox 886 4535 963 4575; x_wconf 83' lang='lat' dir='ltr'><strong>erant</strong></span> <span class='ocrx_word' id='word_1_388' title='bbox 986 4520 1264 4590; x_wconf 73' lang='lat' dir='ltr'><strong>divulgatiorest&#39;sed</strong></span> <span class='ocrx_word' id='word_1_389' title='bbox 1288 4520 1377 4573; x_wconf 85' lang='lat' dir='ltr'><strong>nullus</strong></span> <span class='ocrx_word' id='word_1_390' title='bbox 1395 4538 1429 4570; x_wconf 87' lang='lat' dir='ltr'><strong>ex</strong></span> 
     </span>
     <span class='ocr_line' id='line_1_49' title="bbox 362 4593 947 4668; baseline -0.002 -23"><span class='ocrx_word' id='word_1_391' title='bbox 362 4596 448 4668; x_wconf 66' lang='lat' dir='ltr'><strong>acibus</strong></span> <span class='ocrx_word' id='word_1_392' title='bbox 467 4594 544 4647; x_wconf 84' lang='lat' dir='ltr'><strong>libris</strong></span> <span class='ocrx_word' id='word_1_393' title='bbox 562 4593 684 4645; x_wconf 80' lang='lat' dir='ltr'><strong>Thomna</strong></span> <span class='ocrx_word' id='word_1_394' title='bbox 703 4609 809 4644; x_wconf 86' lang='lat' dir='ltr'><strong>carmen</strong></span> <span class='ocrx_word' id='word_1_395' title='bbox 828 4593 947 4646; x_wconf 81' lang='lat' dir='ltr'><strong>exhibet.</strong></span> 
     </span>
    </p>
   </div>
   <div class='ocr_carea' id='block_1_20' title="bbox 1176 4653 1231 4718">
    <p class='ocr_par' dir='ltr' id='par_1_20' title="bbox 1176 4653 1231 4718">
     <span class='ocr_line' id='line_1_50' title="bbox 1176 4653 1231 4718; baseline 0 -21"><span class='ocrx_word' id='word_1_396' title='bbox 1176 4653 1231 4718; x_wconf 70' lang='grc'><strong>811</strong></span> 
     </span>
    </p>
   </div>
   <div class='ocr_carea' id='block_1_21' title="bbox 0 0 1880 5400">
    <p class='ocr_par' dir='ltr' id='par_1_21' title="bbox 0 0 1880 5400">
     <span class='ocr_line' id='line_1_51' title="bbox 0 0 1880 5400; baseline 0 2"><span class='ocrx_word' id='word_1_397' title='bbox 0 0 1880 5400; x_wconf 95' lang='lat' dir='ltr'><strong> </strong></span> 
     </span>
    </p>
   </div>
  </div>
 </body>
</html>
