3750 5400
846 663 946 740 12ss

350 751 553 826 ..ἡ

351 865 358 870 ·
439 844 500 908 Sed
525 843 598 907 illud
626 841 769 904 soelssioo
788 855 894 904 serum
920 841 1017 903 solue
1037 839 1192 921 ignorslrst
1217 858 1351 904 sererent
1373 860 1429 924 po,-

350 927 511 994 storiorum
538 942 700 1008 temporum
722 927 928 1006 disciplinam,
949 947 987 988 cx
1022 943 1079 1004 qne
1106 926 1184 1006 opud
1205 946 1306 988 omnes
1328 927 1426 990 omnin

348 1017 391 1078 ttd
412 1013 565 1094 liturgiam·
589 1013 741 1074 ltomnnec
769 1014 850 1074 urbis
877 1021 946 1073 sunt
982 1011 1150 1090 composita.
1202 1009 1296 1073 lintre
1324 1012 1425 1074 tutius

351 1101 429 1162 lim
454 1099 589 1180 Hymnus
615 1097 777 1178 Angelicns
804 1097 974 1158 inserviisso
1000 1096 1114 1157 ridetur
1150 1114 1208 1155 nou
1237 1094 1349 1158 Missne
1373 1095 1425 1157 scd

350 1183 509 1246 Molutinis
522 1180 661 1268 pliciis,
683 1192 800 1258 sorpsto
821 1181 938 1260 antiqno
960 1180 1075 1241 nomino
1089 1185 1263 1261 προσευχῆς
1280 1175 1424 1261 ἑωθινῆς.

351 1269 394 1330 Ut
406 1266 542 1346 exemplo
554 1266 675 1332 atteram
682 1264 821 1327 Ueserim
831 1266 860 1326 in
873 1275 987 1326 vetusto
995 1264 1136 1325 Psnlterio
1145 1264 1327 1327 Aetbelstuui
1343 1265 1424 1344 regie

349 1350 568 1436 (923-940)
581 1350 702 1416 omnint
716 1350 885 1431 inscriptum
895 1349 1021 1410 inuenit:
1040 1349 1206 1428 Hymnus
1222 1349 1258 1410 in
1273 1349 1332 1410 die
1348 1349 1425 1412 Do·

330 1435 495 1506 ,atrior
516 1438 561 1497 nd
580 1434 807 1496 Matutiooo:
829 1436 896 1495 iton
918 1443 1094 1496 annotarunt
1115 1432 1248 1494 monachi
1270 1432 1302 1494 S.
1325 1431 1424 1496 Munri

349 1522 390 1583 ud
402 1519 594 1583 Concordiam
611 1519 791 1599 Regularum
807 1518 840 1581 S.
855 1516 1002 1580 Recedirti
1016 1517 1192 1580 Auiononsis
1208 1518 1276 1579 olim
1299 1518 1328 1580 iu
1343 1519 1425 1580 lass·

349 1605 437 1666 clilrus
461 1602 613 1666 Mntrrtiuie
635 1624 700 1664 osse
720 1605 912 1669 ‹locontotnm
957 1601 1083 1664 Omnino
1110 1602 1208 1682 hymni
1235 1602 1363 1664 ollioium
1392 1603 1424 1666 in

349 1691 490 1752 omnibns
512 1688 592 1750 rideo
613 1697 784 1767 occupatum
806 1707 881 1768 qnae
901 1697 1001 1767 postes
1022 1687 1138 1766 Hymno
1152 1687 1345 1749 Ambrosium
1372 1688 1424 1748 de·

350 1775 489 1836 mundato
509 1783 587 1836 eunt.
631 1770 797 1833 Cunebntur
818 1774 847 1834 in
870 1772 996 1852 publicis
1010 1771 1172 1850 pretiorum
1192 1773 1370 1851 sotionilrm,
1392 1772 1423 1834 in

350 1859 457 1940 queris
478 1868 596 1919 sonctoe
617 1855 744 1917 lactitiae
767 1869 852 1937 ntqno
873 1856 1061 1917 cxrrlmtionis
1083 1856 1326 1935 interpretatione.
1371 1855 1424 1920 vi·

351 1952 415 2004 otor
437 1940 583 2004 Uticcmis
605 1941 655 2005 lib.
679 1942 709 2003 3.
732 1941 761 2001 in
784 1941 920 2021 possionc
943 1939 975 2007 S.
993 1936 1172 2020 Martyrum,
1194 1940 1242 2018 qui
1265 1940 1424 2020 Cartbagi-

349 2045 388 2089 uc
418 2027 474 2087 sulr
499 2026 647 2089 Huuerico
676 2045 745 2107 rogo
767 2025 847 2107 possi
869 2035 951 2087 suutr
985 2024 1212 2104 „Brooerlolmut
1240 2026 1423 2108 inquorum

350 2213 660 2230 —h—-n-——a-

347 2329 540 2395 iuterdictum,
566 2341 593 2383 et
612 2332 634 2381 si
653 2330 686 2380 sd
704 2330 770 2383 luceo
787 2327 953 2398 respondere
971 2348 1027 2386 uon
1045 2329 1180 2395 valemus,
1211 2330 1306 2384 merito
1325 2347 1419 2384 mouns

349 2399 457 2452 demus.
500 2398 628 2469 Quisquis
646 2399 718 2450 euim
736 2399 794 2449 vult
811 2417 846 2451 ss
863 2417 955 2451 sncrsc
972 2401 1121 2470 scripturae
1140 2401 1298 2451 auctoritato
1317 2399 1419 2469 sliquid

348 2466 525 2532 confirmare,
545 2468 626 2520 debet
639 2487 672 2519 ex
691 2468 881 2534 prophetorum
896 2468 1027 2531 ornculis,
1047 2468 1238 2536 Apostolorum
1254 2467 1347 2533 dictis,
1366 2487 1419 2521 urr-

348 2538 489 2606 tiqnorum
514 2537 621 2588 Petrum
639 2537 778 2599 conciliis,
803 2554 908 2587 necnon
933 2546 960 2586 et
986 2554 1078 2587 eorum
1096 2538 1203 2603 scriptis
1222 2538 1265 2588 rel
1283 2539 1372 2603 gestio,
1391 2548 1419 2590 et

349 2603 429 2672 qnod
449 2605 574 2656 omuibus
605 2605 648 2654 bis
673 2606 758 2654 moins
781 2616 839 2667 ost,
866 2606 1009 2674 oxlsancti
1032 2604 1172 2671 Evangelii
1199 2607 1310 2656 veritate
1327 2604 1428 2672 locum,

348 2671 513 2737 ostendere,
538 2671 609 2725 unde
629 2671 693 2724 velit
710 2674 871 2725 sentientium
894 2690 970 2723 enam
995 2672 1185 2736 corroborare,
1212 2671 1282 2724 unde
1299 2672 1417 2725 solemus

309 2796 316 2808 Ι
347 2740 456 2803 dicere,
475 2742 609 2809 Scriptum
629 2753 668 2792 est
686 2742 714 2790 in
733 2742 798 2804 illo,
817 2752 843 2791 et
860 2743 888 2791 iu
907 2742 956 2791 illo
974 2741 1051 2792 loco:
1077 2752 1104 2791 et
1121 2741 1234 2808 legimus
1253 2743 1281 2790 in
1300 2740 1417 2793 decretis

347 2808 528 2874 Pontificum,
547 2811 590 2865 rel
601 2811 629 2859 in
646 2808 694 2859 tuli
707 2807 841 2871 Concilio,
861 2811 890 2859 in
908 2809 957 2861 illo
966 2809 1094 2879 capitulo.
1109 2837 1142 2850 -
1156 2811 1203 2859 His
1221 2812 1285 2859 sntio
1303 2811 1418 2860 instrui·

347 2898 412 2930 nur
428 2879 574 2946 exenrplis,
594 2878 632 2928 nil
651 2895 701 2929 nos
721 2876 894 2944 delinquere.
912 2879 935 2927 si
955 2896 1001 2941 en,
1020 2896 1089 2944 qnae
1107 2895 1141 2928 ex
1158 2880 1317 2930 nuctoritute
1340 2879 1417 2931 Pon·

349 2945 471 3009 tilicnm,
484 2948 530 3015 qui
543 2947 619 2997 illum
633 2957 755 2997 sanctum
770 2948 855 2997 uirum
870 2945 1055 3013 (Gregorium)
1071 2959 1192 3015 tempore
1205 2958 1417 3016 praecesserunt,

348 3017 475 3067 instituta
492 3018 671 3084 suscepimus,
698 3025 723 3065 et
740 3015 785 3065 vel
802 3033 836 3064 ex
855 3014 1052 3065 Gallicanorum
1072 3016 1267 3076 Ecclesiurum,
1287 3027 1332 3065 aut
1350 3016 1415 3066 llis·

345 3084 505 3152 pnnicerum
519 3101 572 3133 usu
588 3083 780 3146 mutuavimus,
799 3081 875 3133 fideli
896 3082 1043 3133 devotione
1063 3101 1214 3145 servamus,
1235 3082 1369 3135 imitantes
1387 3084 1416 3134 i-

368 3154 425 3203 sius
444 3150 590 3202 beatissimi
608 3152 697 3219 Popoe
715 3150 922 3220 praedicandam
945 3151 1132 3201 humilitatem.
1171 3150 1222 3221 Qui
1241 3170 1300 3202 cnm
1318 3163 1416 3218 repre-¹

345 3172 513 3271 lenonem
530 3237 544 3268 u
562 3218 738 3286 quibusdum,
757 3217 960 3287 quod-eliorum
976 3219 1148 3270 ecclesiarum
1167 3237 1267 3270 rnorem
1285 3237 1416 3286 sequere·

345 3300 411 3351 tur,
430 3287 565 3339 iuterelin
584 3288 698 3350 letetur,
717 3285 826 3339 dicens:
862 3287 890 3338 Si
909 3287 1051 3355 quidboni
1066 3288 1108 3339 rel
1126 3289 1184 3357 ipsu
1200 3287 1325 3339 videlicet
1338 3287 1415 3345 Con·
1475 3308 1478 3314 ‘

346 3357 610 3425 stentinopolitnno‚
645 3355 728 3405 oltern
765 3357 886 3408 Ecclesin
924 3356 1022 3419 babet,
1056 3374 1105 3423 ego
1131 3368 1157 3406 et
1188 3359 1305 3407 minores
1331 3375 1415 3423 meos,

343 3441 415 3495 quos
434 3422 468 3473 ub
487 3424 590 3473 illicitis
609 3424 776 3494 prohibebo,
804 3426 830 3473 iu
854 3424 927 3475 bono
947 3426 1045 3473 imitari
1069 3436 1177 3492 paratus
1200 3443 1268 3475 sum.
1311 3424 1415 3477 stultus·

344 3504 388 3545 est
406 3493 495 3556 eninr,
519 3492 613 3559 quiin
632 3495 845 3563 eoseprimum
874 3493 1024 3556 existimat,
1050 3502 1078 3541 ut
1097 3493 1190 3559 boun,
1214 3509 1284 3559 quae
1306 3492 1415 3558 viderit,

342 3560 453 3613 discere
471 3571 634 3611 contemnat.
678 3561 744 3611 Nem
768 3562 791 3612 si
816 3560 895 3625 ideo,
918 3571 947 3610 ut
964 3577 1046 3630 saepe
1064 3560 1180 3626 dictum,
1199 3562 1276 3612 illum
1296 3561 1416 3630 Angeli-

343 3647 407 3680 cum
429 3624 559 3697 hymnum
577 3630 756 3697 prohibemur
774 3631 802 3679 in
820 3629 923 3679 lestinis
949 3627 1044 3680 diebus
1063 3648 1175 3693 canere,
1201 3649 1234 3682 eo
1259 3630 1333 3698 quod
1356 3633 1416 3685 tto-

341 3708 487 3767 rner'rorum
505 3698 658 3767 presbyteri
677 3715 732 3747 nou
750 3697 839 3749 solent
857 3716 917 3748 eum
936 3715 1045 3762 cauere,
1070 3716 1212 3768 possumus
1232 3700 1314 3750 simili
1332 3698 1415 3753 modo

340 3776 406 3836 post
425 3765 598 3833 Evangeliuur
621 3765 781 3836 Symbolum
799 3768 928 3830 reticere,
951 3764 1155 3833 qnod¹Ronrani
1179 3787 1263 3837 nsque
1290 3767 1324 3819 ad
1347 3769 1416 3821 ltoec

340 3840 506 3903 tempos-u
539 3833 642 3885 dirue
671 3836 858 3887 memoriae
888 3836 1032 3887 ilenrici
1068 3837 1300 3905 imperatoris
1338 3838 1414 3890 nullo

340 3900 427 3953 ruodo
450 3904 614 3952 cecinerunt.
653 3902 708 3954 Sed
726 3903 759 3952 nb
779 3903 873 3954 eodem
892 3904 1065 3969 interrogati,
1094 3923 1141 3954 cur
1158 3907 1194 3954 ito
1220 3915 1345 3971 agerent,
1370 3924 1413 3958 me

342 3989 434 4021 coram
454 3973 609 4032 assistente,
630 3970 719 4020 audiri
739 3989 785 4022 eos
797 3971 950 4022 huiusmodi
963 3989 1119 4041 responsum
1132 3973 1258 4036 reddere,
1275 3973 1413 4037 videlicet,

341 4037 418 4106 quod
441 4040 561 4089 Romana
586 4039 707 4091 Ecclesia
732 4058 787 4091 uon
809 4039 903 4091 luisset
926 4041 1148 4107 aliquandonlln
1173 4042 1315 4092 haerescos
1337 4041 1413 4092 foece

340 4106 460 4162 inlecto,
489 4106 535 4157 red
555 4105 701 4157 secundnm
720 4111 806 4157 sancti
826 4108 896 4158 Petri
915 4108 1080 4172 doctrinam,
1104 4110 1131 4157 in
1152 4109 1289 4158 soliditate
1307 4107 1410 4160 Cotho-

339 4172 503 4227 liceo-fidei
526 4187 694 4244 permaneret
718 4178 897 4228 inconcussa:
922 4189 948 4227 et
973 4176 1036 4226 ideo
1061 4179 1142 4241 magio
1166 4177 1208 4226 lris
1232 4178 1410 4228 necessarium

340 4260 401 4295 esse
418 4243 485 4294 tttud
506 4243 665 4311 Symbolum
689 4245 797 4314 saepius
822 4245 956 4295 contundo
979 4244 1166 4310 frequentare,
1193 4247 1239 4311 qni
1264 4244 1410 4311 uliquoudo

341 4311 396 4362 rrlln
419 4313 525 4363 lineresi
544 4323 688 4379 potnerunt
705 4313 843 4363 maculari.
879 4315 914 4363 At
940 4313 1065 4362 dominns
1092 4313 1237 4380 imperator
1255 4331 1310 4364 uon
1331 4325 1409 4366 untes

340 4380 437 4443 desiit,
471 4398 549 4448 quum
577 4383 693 4431 omnium
723 4399 855 4432 consensu
884 4381 913 4431 id
938 4381 1049 4430 domino
1075 4380 1227 4431 llenodicto
1247 4382 1409 4451 Apostolico

362 4450 489 4512 ersunoit,
516 4459 544 4497 ut
573 4446 606 4497 ud
627 4450 762 4517 publicum
788 4450 898 4503 Missam
923 4448 991 4499 illnd
1017 4449 1199 4501 decantarent.
1242 4449 1296 4501 Sed
1320 4462 1408 4501 utrum

339 4468 410 4567 iionc
428 4515 651 4568 consuetudinem
676 4528 783 4571 seruent
806 4518 908 4584 adhuc,
934 4516 1066 4569 offirmare
1091 4534 1144 4569 uon
1163 4536 1321 4588 possumus,
1344 4520 1407 4588 quio

340 4596 442 4638 certum
460 4602 518 4637 nou
536 4594 668 4638 tenemus.
