3750 5400
958 451 973 489 a
1072 479 1077 485 .

399 841 432 908 5.
444 840 577 920 Magnus
598 848 626 902 ot
647 837 792 902 mirabilis
838 915 842 926 Ι
961 842 990 906 7.
1007 839 1117 904 Christi
1139 851 1168 902 et
1190 842 1330 907 eeclesiae

441 923 526 987 Dens
546 934 575 986 et
596 923 752 985 laudabilis
797 953 800 958 ’
1001 927 1082 1005 Ergo
1101 924 1293 1004 poenitentiae

439 1010 560 1072 Nonum
581 1006 698 1087 refecit,
1001 1009 1041 1070 Se
1063 1011 1222 1089 immersit,

440 1092 526 1156 Ilum
542 1090 643 1155 referit
765 1111 768 1116 ’
1000 1093 1069 1156 Vini
1089 1095 1226 1157 abstersit

393 1175 400 1180 ’
438 1177 586 1240 Mundum
604 1183 645 1237 tot
666 1174 796 1243 auxiliis.
999 1178 1101 1240 Fletus
1123 1187 1151 1239 ot
1167 1177 1317 1240 tristitiae.

394 1312 428 1377 6.
440 1311 521 1373 lnter
539 1329 613 1391 qnae
634 1310 706 1371 loeo
725 1311 836 1374 famula
958 1311 989 1377 8.
1003 1310 1100 1375 Huius
1119 1311 1236 1375 Christo
1259 1310 1393 1393 precibus

439 1396 594 1457 Elisabeth
616 1414 669 1473 per
689 1396 807 1457 oaeonla
1000 1397 1122 1458 Plaoaro
1143 1395 1298 1482 fidelibus,

438 1479 669 1559 Regnanstorat
680 1524 691 1554 ,
812 1515 816 1523 ·
1000 1480 1039 1541 Ut
1060 1501 1126 1543 oum
1147 1482 1201 1543 illa
1253 1521 1258 1537 .

436 1562 518 1625 Dum
539 1562 674 1642 explorat
768 1613 771 1617 .
997 1566 1042 1625 Ad
1064 1566 1222 1644 tranquilia

437 1646 566 1710 Gustum
586 1646 617 1709 in
637 1646 760 1711 delioiis.
997 1648 1196 1712 Pordooamnr
1214 1649 1330 1730 gaudia.

858 1786 1009 1795 ——m

478 1846 565 1936 Hono
585 1845 673 1910 Miss.
696 1847 930 1929 Numhurgensis
952 1848 1139 1927 Sequentiam
1167 1849 1199 1909 in
1229 1848 1471 1936 quinquepertitis

391 1930 565 2035 monuimus,
601 1931 671 2012 qnia
691 1931 722 1993 in
751 1931 879 2012 Stropha
907 1935 1020 2030 7et8
1049 1934 1147 2012 quinto
1176 1933 1239 2030 loeo
1268 1936 1471 2003 desiderantur

390 2013 623 2097 ομοιοτέλευτα.
664 2016 698 2079 ln
719 2016 847 2098 stropho
870 2017 974 2079 'l'ortra
996 2018 1097 2095 procul
1119 2020 1206 2079 notro
1229 2020 1334 2083 vocula
1352 2024 1469 2092 excidit.

804 2268 837 2349 d)
857 2267 1066 2333 Hexaeola.

551 2392 556 2399 ⁸
674 2391 812 2460 CCXX.
861 2400 917 2463 De
942 2401 977 2465 S.
1000 2377 1182 2466 feliciano.
1225 2475 1228 2482 .

571 2577 578 2585 .
697 2520 741 2582 dd
764 2527 919 2581 eononrrtns
940 2518 1103 2581 animemur

703 2604 742 2664 Et
763 2602 914 2685 psallendo
937 2604 1126 2665 collaetemur
1203 2600 1206 2608 '

702 2687 765 2751 Piis
787 2709 852 2750 oum
873 2687 1048 2753 intentibn's:

676 2772 679 2782 '
701 2773 796 2837 Voces
815 2771 892 2836 notis
915 2774 1123 2850 subornamus,

704 2857 744 2918 Ut
752 2860 898 2925 ,decenter
917 2858 1124 2918 concordemus

701 2942 799 3004 Festis
822 2942 851 3002 in
874 2943 1075 3022 praesentibus
1097 2953 1151 3005 eto.
1279 3010 1281 3017 Α

854 3080 1005 3089 -—-—-

475 3109 563 3174 Miss.
585 3109 750 3172 Mindonoe.

851 3337 1005 3404 ccxxi
1052 3356 1059 3361 ·

654 3462 697 3525 In
719 3463 993 3554 Praeseruutione
1019 3463 1183 3544 Wrgr'nio.

388 3586 417 3646 1.
430 3579 583 3644 Altisoima
605 3580 773 3660 providente
947 3585 975 3650 3.
992 3581 1125 3661 Angelus
1142 3579 1282 3661 'apparuit

429 3665 545 3727 Gnneta
568 3677 645 3727 reete
668 3664 853 3746 disponente,
988 3668 1117 3729 Lucidus
1140 3667 1187 3745 qni
1210 3664 1307 3726 docuit

428 3748 486 3812 Dei
508 3750 669 3831 snpientia,
988 3751 1135 3814 Exaudite
1157 3758 1239 3811 rota:

429 3834 496 3897 Uno
518 3855 597 3897 uexn
620 3834 784 3914 coniugatis
988 3836 1082 3915 Regis
1104 3832 1208 3903 summi
1232 3832 1329 3911 gratia

428 3918 558 3981 lnaohim
581 3930 608 3980 ot
629 3922 730 3994 Anna,
752 3919 844 3998 gratis
988 3921 1028 3982 Ut
1049 3921 1096 3980 his
1117 3920 1201 3979 detur
1220 3917 1283 3978 filia

425 4005 502 4084 loga
524 4013 591 4075 sont
611 4003 733 4071 sterilia.
789 4074 794 4081 ⁶
990 4004 1125 4065 Gratiosa
1147 4014 1214 4065 tota.

389 4122 425 4184 2.
434 4120 484 4181 Ex
505 4121 601 4182 cordis
622 4121 727 4182 affeetu
750 4130 808 4182 toto
946 4123 976 4186 4.
992 4123 1023 4183 ln
1048 4131 1126 4181 utero
1150 4124 1332 4192 consecrata,

432 4204 561 4284 Domino
583 4206 658 4266 lideli
682 4217 769 4268 noto.
989 4207 1068 4267 Miro
1091 4206 1174 4265 modo
1198 4208 1354 4279 generata,

427 4287 468 4348 So
489 4291 671 4351 strinxerunt
702 4290 824 4369 pariterr
989 4291 1097 4368 Gignet
1118 4285 1297 4347 mirabilinsr

427 4371 502 4434 Mox
524 4374 548 4434 si
569 4375 683 4452 prolem
706 4376 765 4435 illio
787 4376 857 4435 dare
926 4398 929 4402 ·
986 4371 1130 4434 Altissirni
1153 4369 1243 4448 patris
1264 4377 1363 4428 natum

426 4455 591 4538 Dignatur,
613 4461 689 4521 huno
710 4461 842 4520 dedicare
987 4459 1077 4536 Virgo
1101 4473 1235 4527 manens,
1265 4451 1313 4527 qni
1335 4460 1448 4516 reatum
1569 4498 1571 4503 -

426 4540 459 4599 ln
483 4543 590 4622 templo
613 4546 788 4624 perenniter.
980 4540 1089 4621 ,Mundi
1118 4537 1201 4602 tollet
1220 4538 1343 4613 gratius.

387 4622 499 4681 Danum.
518 4630 650 4684 Tlreoauu
669 4632 770 4702 llymn.
789 4630 821 4682 11.
1218 4619 1259 4685 14
