3750 5400
329 904 374 946 ex
390 880 586 962 'Reihmeyeri
608 880 753 943 Chronico
784 878 993 946 Brnusriceusi
1020 900 1050 960 p.
1071 879 1135 944 822
1155 880 1311 943 ioetorihus
1331 900 1412 945 eom·

330 965 483 1043 munient,
501 966 732 1028 Bruusrieensee
750 986 788 1028 ex
809 984 885 1028 auno
909 965 1010 1036 1490,
1038 985 1094 1046 qno
1117 964 1258 1027 auritium
1280 964 1410 1030 divinum

331 1052 493 1114 manifesta
519 1069 556 1111 ao
581 1050 724 1130 singulari
755 1051 867 1112 ratione
894 1049 1007 1130 experti
1035 1048 1141 1111 inerint
1169 1059 1333 1112 recurrente
1362 1051 1409 1116 die

331 1133 513 1198 Noremhris
531 1133 674 1213 vigesima
696 1145 816 1215 quincta,
841 1134 985 1198 cecinisse
1005 1133 1052 1196 Te
1072 1130 1168 1196 Derim
1188 1133 1407 1213 germanico

332 1237 518 1286 sermone.
562 1218 621 1279 Sed
642 1219 772 1280 eorrnina
793 1238 866 1299 quae
888 1228 1000 1280 tantam
1020 1216 1168 1298 possident
1189 1220 1298 1280 sumum
1320 1227 1406 1297 atque

332 1300 580 1366 existimationem
593 1323 651 1362 nou
667 1303 760 1362 sotum
777 1303 981 1365 narroisenntur
1002 1300 1175 1381 interpretes
1196 1321 1296 1363 rernm
1318 1301 1404 1363 etiam

331 1386 494 1450 imitatores
517 1385 566 1464 qui
588 1398 703 1447 serrata
724 1388 818 1447 forma
846 1387 924 1448 alind
948 1395 1085 1448 enarrant
1105 1394 1318 1465 argumentum.
1361 1386 1405 1448 ita

297 1491 302 1496 ·
331 1471 366 1534 S.
387 1477 595 1534 Beneventum
623 1469 765 1530 cauticum
790 1470 955 1532 Marionem
985 1471 1020 1532 ad
1049 1488 1181 1531 normam
1210 1477 1311 1532 rantes
1331 1471 1403 1533 dm·

330 1553 655 1632 irrosiauioomposuit3
674 1554 896 1616 'fehdatrem
916 1553 983 1616 Dei
1004 1554 1402 1631 laudamus,teomnis
1429 1549 1435 1554 ”

326 1650 439 1708 terra
470 1648 694 1712 veneratur,
727 1638 878 1700 aeterni
915 1636 1038 1717 patris
1073 1655 1256 1718 sponsam.
1311 1636 1400 1699 'l'ihi

329 1718 466 1802 angeli
493 1731 527 1782 et
553 1723 799 1801 archangeli,
835 1722 907 1782 tihi
929 1721 1065 1785 throni
1095 1729 1127 1782 et
1149 1719 1399 1801 principatus

328 1804 507 1867 fideliter
538 1805 723 1868 serviunt.
772 1806 860 1866 Tihi
898 1825 1024 1868 omnes
1052 1813 1265 1885 potestates
1293 1814 1328 1866 et
1357 1825 1398 1866 o-

328 1909 434 1952 mues
457 1887 639 1958 virtutos,
662 1889 762 1949 coeli
783 1890 977 1952 coetorum
999 1898 1032 1949 et
1054 1887 1256 1951 universae
1278 1890 1397 1951 domi-

326 1973 719 2038 nationesohodiunt,
775 1973 865 2034 'l'ihi
902 1972 1107 2035 Cherubim
1137 1983 1171 2033 et
1198 1972 1395 2053 Seraphim
1472 1991 1475 2000 ·

328 2057 555 2119 exultantes
584 2058 777 2117 adsistant
805 2067 833 2119 et
860 2057 1012 2136 ‹leineepsr
1048 2054 1204 2118 Salvum
1242 2058 1302 2118 t'ao
1332 2078 1397 2136 po·
1430 2098 1432 2102 -

325 2141 460 2222 paium
482 2148 583 2200 tuum
605 2140 752 2201 domina
771 2150 808 2202 ut
835 2141 955 2204 simus
984 2138 1198 2219 participes
1220 2139 1397 2203 haeredi-

328 2224 424 2286 tatis
446 2221 528 2284 diiii
549 2223 616 2284 tui.
664 2225 709 2284 Et
738 2245 827 2304 rege
854 2243 921 2287 nos
949 2233 983 2285 et
1011 2224 1159 2286 custodi
1186 2242 1254 2287 uos
1276 2223 1312 2286 iu
1332 2244 1397 2287 aa·
1442 2298 1451 2309 .

325 2321 485 2370 ternum.
529 2307 599 2368 Per
618 2308 912 2387 singulos‘dies,
934 2330 952 2370 o
974 2308 1050 2389 pia,
1072 2317 1106 2369 te
1126 2308 1340 2373 salutamus
1360 2317 1396 2370 et

324 2393 491 2454 laudare
518 2399 554 2450 ta
584 2392 754 2471 capiimus
782 2413 899 2472 usque
926 2392 964 2454 in
991 2400 1184 2454 aeternum
1213 2405 1333 2455 mente
1362 2403 1395 2454 ot

323 2495 418 2539 vocs
456 2473 628 2554 Dignare
650 2474 911 2538 dulcisMaria
931 2496 1026 2537 nune
1047 2483 1242 2559 etsomper
1262 2476 1396 2539 uossi-
1437 2523 1458 2590 ῃ

321 2557 784 2624 nedeiiotoeouserrare.
804 2558 1067 2637 Miserarepia
1086 2561 1213 2639 nohis,
1236 2560 1416 2627 misere·.

321 2663 366 2706 ro
386 2642 506 2709 nohis.
548 2643 633 2706 Fiat
657 2642 927 2706 misericordia
955 2653 1016 2706 tna
1035 2662 1169 2724 magna
1190 2645 1392 2709 nobiseum.

322 2726 425 2807 Quia
445 2728 484 2789 iu
506 2736 541 2788 te
562 2724 672 2807 virgo
694 2728 818 2789 Maria
840 2728 1081 2790 confidimns.
1133 2729 1171 2789 in
1192 2737 1227 2790 te
1248 2728 1394 2792 duleis-

320 2812 423 2873 eima
443 2812 567 2873 Maria
593 2831 805 2893 speramns,
831 2834 897 2874 nos
919 2812 1103 2873 defendas
1125 2811 1162 2874 in
1183 2821 1389 2878 aeternnm.

320 2898 378 2959 'l'e
400 2899 508 2957 decet
530 2897 630 2974 iaus,
661 2904 693 2957 te
723 2897 831 2957 tieret
859 2895 1072 2977 imperium,
1101 2896 1172 2957 tihi
1200 2897 1329 2960 rirtns
1357 2907 1392 2959 et

321 2981 462 3061 gioria
488 2981 525 3040 iu
560 2977 1050 3061 saeerrla'saeuulorurn.*)
1105 2981 1163 3041 Sed
1190 2981 1296 3042 mansit
1324 3003 1389 3061 pre·
1452 3028 1458 3039 ,

304 3066 400 3131 satia
422 3064 553 3145 priuatae
581 3064 741 3125 devotionis
771 3084 861 3142 qurrm·
892 3084 955 3125 eam
990 3063 1021 3124 in
1049 3064 1127 3126 errltu
1154 3068 1269 3144 publico
1298 3067 1390 3127 ecole-

321 3150 368 3211 sia
387 3168 536 3233 utinquam
559 3151 650 3227 qrroad
679 3150 769 3210 seiam
791 3149 916 3211 admisit.
964 3149 1065 3227 Nepae
1094 3169 1220 3228 nuquam
1248 3150 1390 3231 probavit,

321 3253 400 3314 quaa
421 3235 554 3294 homines
582 3232 669 3293 nitriis
699 3232 830 3312 religiosi
858 3232 905 3295 eei
934 3232 1127 3311 superstitiosi
1149 3234 1184 3295 de
1207 3234 1316 3295 cantico
1338 3254 1390 3293 uo-

322 3332 383 3380 stro
406 3328 579 3379 enarrarent
600 3319 741 3378 miracula
763 3326 847 3398 atquc
868 3316 1009 3398 prodigia,
1062 3317 1119 3379 vix
1149 3326 1176 3377 et
1197 3338 1233 3378 no
1255 3317 1306 3380 vix
1326 3316 1390 3397 qui-

322 3406 385 3471 dern
408 3404 648 3473 odoratissimis
675 3402 846 3463 Sani-taram
882 3401 1041 3461 enitorihus
1068 3400 1137 3462 ferri
1167 3410 1278 3480 potest,
1314 3404 1387 3481 quod

323 3490 452 3567 reserant
472 3488 508 3545 de
529 3489 614 3547 corde
630 3487 661 3547 S.
685 3485 838 3565 Augurstini
866 3484 1000 3564 Lugduni
1032 3483 1060 3544 in
1090 3487 1211 3565 capsula
1232 3505 1321 3548 aurea
1344 3487 1388 3547 rel

324 3571 492 3653 crystallina
532 3581 696 3646 asservato,
737 3591 803 3630 cnm
838 3569 982 3630 intonetur
1024 3570 1149 3650 hyurttns
1184 3570 1238 3631 'ro
1273 3571 1386 3641 Deum
1420 3608 1425 3621 ·

325 3658 467 3735 palpitare
502 3665 531 3716 et
560 3657 642 3734 qurasi
680 3654 860 3733 impatienter
893 3652 1001 3713 micare
1036 3657 1071 3713 ad
1107 3655 1206 3717 inrides
1238 3656 1301 3717 Dea
1330 3674 1387 3717 uua
1468 3686 1471 3693 ¹

325 3758 385 3813 eum
424 3738 559 3801 fidelihus
586 3738 761 3801 Christianis
795 3737 983 3802 exhibendas.
1042 3739 1166 3814 (Ludos.
1195 3742 1230 3800 de
1262 3741 1388 3818 Augciis

294 3816 300 3831 '
324 3824 355 3885 do
374 3824 444 3887 Vita
465 3824 498 3886 S.
520 3825 642 3903 hangust.
665 3826 716 3887 lib.
737 3823 786 3885 vt.
813 3843 838 3886 c.
860 3826 891 3884 5.
920 3821 1109 3902 Eugeigrare
1142 3824 1292 3886 Pantheon
1314 3826 1334 3888 1.
1359 3846 1387 3902 p.

320 3908 406 3981 237).
450 3909 508 3969 Sed
530 3910 595 3986 qrrid
624 3910 696 3968 haee
724 3906 797 3968 mira
818 3906 908 3967 sancti
930 3909 1022 3984 patris
1044 3907 1150 3968 iaetitia
1170 3910 1206 3969 ad
1226 3907 1388 3987 Deiphiuos

320 3988 432 4053 Schotti
455 3991 596 4071 iesuitae,
622 3993 762 4070 hymnum
784 3991 930 4053 Ambrosii
952 3992 1171 4053 decantantem?
1211 3990 1389 4069 „Agmina-

318 4076 374 4137 tim
397 4088 569 4151 accurrunt,
604 4074 768 4137 nauiculam
789 4074 1016 4153 circumnatant,
1053 4075 1083 4137 iu
1111 4075 1202 4136 altum
1224 4074 1387 4145 subsiliunt,

312 4161 494 4225 contuntur
515 4164 550 4222 ud
572 4160 775 4237 longissimum
796 4160 953 4238 spatium.“
1004 4159 1127 4237 (Schotti
1150 4157 1275 4238 Physica
1302 4175 1387 4217 sacra

312 4258 355 4319 p.
374 4246 480 4325 1088.)
522 4244 567 4306 Ne
593 4255 689 4306 tamen
719 4243 861 4322 glorietur
882 4243 1005 4303 eeclesia
1027 4242 1071 4302 cui
1094 4240 1166 4302 nihii
1189 4243 1286 4320 magis
1308 4238 1386 4298 cordi

311 4334 471 4411 estunam
494 4338 526 4390 ut
553 4349 666 4389 amnem
688 4326 901 4406 superstitionis
928 4326 1093 4405 rubiginem
1121 4327 1269 4402 detergat,
1296 4323 1388 4384 siieu-

310 4406 367 4467 tio
391 4433 450 4475 uon
472 4413 756 4494 praetermittendum
777 4410 884 4472 mirem
903 4411 1136 4472 Lutheranornm
1151 4404 1390 4474 Chronosticitau.

396 4582 426 4671 *i
440 4598 482 4655 Ch
501 4596 605 4653 corner
622 4601 741 4666 Proetrpt.
761 4594 852 4662 Magn.
872 4594 978 4650 cathol.
998 4596 1097 4647 Derot.
1116 4613 1143 4665 p.
1164 4595 1223 4649 177.
