3750 5400
418 866 476 946 Qui
497 863 593 928 Petris
613 870 731 923 aeterno
753 859 820 925 sino
974 860 1025 924 Sio
1045 857 1114 922 filiis
1132 857 1322 938 mortalibus,

416 954 543 1015 Aeteruo
563 947 662 1029 proles
682 946 828 1025 naseitur,
973 944 1117 1008 Loetmoit
1137 962 1205 1004 esen
1226 942 1380 1005 caelitum:

419 1033 570 1100 Obnoxins
590 1032 620 1092 fit
642 1030 764 1110 tempori
974 1032 1072 1107 Quum
1093 1028 1185 1108 pessit
1204 1028 1304 1089 iniens
1325 1024 1463 1104 perditos,

387 1125 391 1130 '
417 1114 599 1196 Matremque
619 1114 650 1177 in
672 1117 741 1176 orbe
762 1112 867 1196 seligit
974 1113 1032 1191 Qui
1055 1111 1147 1193 pnooit
1167 1112 1291 1192 angelos
1312 1110 1404 1173 Deus.

415 1237 507 1301 Nobis
528 1229 644 1314 piendis
665 1228 784 1294 'vietime
964 1229 1121 1310 'concepto
1138 1247 1226 1290 earne
1248 1226 1376 1306 veritos,

415 1323 540 1385 Nostros
559 1338 592 1380 se
614 1317 745 1376 inertes
766 1313 889 1396 colligit,
972 1314 1114 1376 Umbretn
1134 1314 1200 1375 selo
1220 1311 1364 1393 virginis,

348 1401 354 1410 ’
416 1406 453 1469 Ut
476 1401 620 1467 innoeenti
643 1399 786 1479 sanguino
970 1398 1060 1461 Puris
1080 1398 1202 1460 videndo
1223 1396 1388 1459 ruentibus!

416 1490 520 1551 Seelue
546 1494 699 1551 noeentum
720 1484 824 1546 diluet.
970 1482 1068 1564 lmple·
1082 1495 1131 1546 tuo
1152 1502 1206 1546 nos
1226 1478 1348 1543 iumine.

708 1601 748 1662 Et
771 1617 846 1679 quoe
868 1600 999 1662 modesto
1021 1609 1153 1679 pectore,

707 1684 754 1746 'fe
775 1682 848 1745 diois
867 1683 1006 1746 ancillam
1028 1684 1102 1765 Dei,

710 1766 829 1848 Regino
847 1787 925 1830 nouo
946 1767 1130 1831 coelestium!

709 1852 837 1916 Patrono
858 1852 902 1916 sis
921 1851 1061 1918 fidelium.

874 2003 1018 2018 ...u-

915 2094 987 2163 VII.

727 2220 772 2282 In
798 2220 993 2285 Nativitate
1020 2220 1169 2287 Domini.

284 2332 288 2350 '
409 2338 443 2400 in
465 2336 596 2398 Bethlem
617 2346 800 2401 transeamus
966 2338 1034 2401 Huo
1052 2354 1136 2399 emor
1157 2345 1186 2398 to
1205 2338 1321 2401 soeevit

408 2421 525 2485 Amoris
545 2422 717 2501 gressibus,
964 2420 1094 2485 Hunrnni
1115 2422 1249 2501 generisp

407 2508 566 2588 Etnetum
586 2506 736 2568 videamus
776 2523 779 2527 ’
964 2507 1032 2568 flue
1051 2507 1108 2580 mei
1130 2505 1284 2569 reoiinevit

409 2590 518 2651 Mentis
539 2592 725 2667 excessibus,
964 2590 1010 2651 'l'e
1031 2608 1111 2651 noxe
1131 2590 1269 2667 seeleris3

406 2675 479 2754 Eio,
502 2674 547 2736 eie
569 2676 674 2738 mentis
699 2670 879 2745 excessibus.
962 2672 1035 2755 nie,
1055 2674 1101 2738 ein
1122 2687 1178 2739 ete.

407 2791 579 2854 Aeaeeuiis
601 2801 696 2870 optate
961 2793 1086 2855 insontis
1105 2791 1172 2856 heio
1191 2811 1323 2857 umorem
1448 2850 1451 2857 .

407 2877 470 2936 iesu
493 2874 669 2936 duleissime.
958 2877 1071 2941 'Omnes
1091 2878 1245 2956 attendite,

406 2958 526 3019 Cunetio
548 2958 728 3037 desiderate,
807 2957 820 3017 .’
961 2961 1000 3023 Et
1020 2971 1119 3041 grates
1140 2972 1170 3022 et
1189 2963 1331 3024 bonorem

405 3043 493 3104 Saive
514 3041 699 3122 gratissime!
916 3052 919 3057 '
961 3044 1052 3108 Coelo
1072 3046 1237 3126 rependite=

405 3127 477 3205 Eia,
501 3127 546 3189 eia
570 3135 624 3192 ete.
960 3129 1018 3192 Eia
1039 3130 1086 3192 eie
1106 3140 1163 3195 eto.
1252 3162 1254 3167 ·

405 3242 484 3323 Ergo
506 3244 574 3306 Rex
596 3245 792 3324 soeculorum,
959 3247 1036 3325 Quin
1059 3256 1155 3310 tentem
1176 3246 1328 3329 charitati,
1432 3250 1435 3255 '

405 3331 527 3388 Creator
547 3329 693 3407 omnium,
781 3386 785 3393 ,
960 3332 1037 3408 Quid
1057 3333 1123 3394 iesu
1141 3333 1281 3398 deferam.

403 3411 471 3472 Rex
493 3421 603 3490 terrae,
624 3413 693 3476 Rex
713 3413 858 3478 ooelorum
958 3416 1024 3478 Ab!
1045 3417 1112 3496 quib
1133 3416 1307 3480 humanitati
1422 3470 1427 3477 .

401 3492 450 3553 Fit
471 3494 562 3555 freter
580 3496 742 3561 homiuum.
958 3498 1043 3562 'Pure
1063 3520 1140 3562 nuno
1161 3502 1309 3564 referem!

402 3574 473 3653 Eia,
497 3576 542 3638 eiu
560 3586 612 3642 eto.
957 3583 1030 3662 Eiu,
1053 3585 1100 3648 eie
1121 3595 1176 3647 ete.

400 3688 433 3752 Si
456 3690 537 3770 regis
557 3690 622 3753 hoie
642 3692 798 3776 maiestas,
955 3699 1014 3761 Pro
1034 3702 1148 3764 stabulo
1170 3723 1217 3766 me
1237 3704 1326 3782 dedo,

401 3774 457 3837 Ubi
481 3783 547 3836 sunt
568 3776 687 3854 somnii,
720 3853 724 3862 Ι
955 3782 1071 3865 Corpus
1093 3806 1147 3867 pro
1168 3787 1327 3867 stramine,
1389 3822 1394 3831 ·

399 3858 490 3936 Aulo,
512 3859 648 3936 thronus,
671 3867 799 3937 potestas
955 3866 1015 3927 Cor
1036 3889 1090 3948 pro
1114 3873 1249 3952 praesepi
1272 3874 1344 3935 cedo
1409 3942 1411 3947 ,

377 3978 381 3987 ,
399 3940 438 4003 Et
457 3954 577 4005 stratum
599 3942 716 4019 leetuii,
954 3950 991 4011 Et
1013 3971 1065 4030 pro
1084 3955 1237 4021 solamine.

287 4038 295 4043 ·
399 4026 452 4087 Eis
473 4027 519 4090 eie
541 4038 594 4094 eto.
952 4035 1026 4112 Eia,
1049 4038 1097 4100 eie
1117 4050 1173 4105 ete.

688 4142 714 4204 0
736 4144 856 4205 verbum
878 4144 1060 4214 incarnatum

685 4227 798 4288 Rerum
819 4227 1010 4309 principium!

682 4311 740 4370 Pro
762 4330 809 4371 rue
834 4311 1036 4396 humiliatum,

682 4392 769 4455 Velut
790 4398 976 4475 mancipium.

676 4473 751 4553 Eio,
773 4478 820 4540 eie
842 4490 895 4545 eto.

834 4613 986 4626 ..ι-,η-
