3750 5400
358 893 483 953 diceudo
512 893 653 953 adversus
679 858 808 954 inbdelcs
837 904 864 955 et
884 888 985 955 arcere
1012 894 1097 972 lupos
1119 894 1156 954 ab
1178 894 1279 957 ovibus
1303 893 1424 959 Christi.

358 979 409 1039 liri
432 977 479 1037 bio
500 976 619 1037 canibus
633 978 741 1039 Paulus
764 988 807 1039 est
827 978 913 1059 longe
927 978 1144 1041 disertissimus.
1187 980 1226 1041 9..
1240 981 1312 1042 Lod.
1336 985 1425 1043 oum}

357 1062 409 1126 cf.
429 1066 494 1123 Ant.
515 1062 570 1137 lx,
592 1059 645 1130 22.
699 1067 746 1129 ll.
770 1064 812 1126 Μ.
838 1067 886 1127 ll.
909 1063 1024 1124 testis
1046 1072 1111 1126 est.
1149 1066 1213 1132 12.
1235 1066 1286 1127 lt.
1307 1057 1351 1128 Μ.
1375 1067 1434 1128 11.”

356 1149 417 1209 Nb.
446 1147 515 1209 bic.
542 1147 585 1207 Μ.
618 1150 668 1208 ll.
695 1148 743 1214 Pr.
772 1167 909 1211 conum.
937 1148 980 1209 M.
1004 1149 1052 1210 ll.
1082 1148 1117 1208 iu
1140 1147 1200 1209 bis
1223 1150 1423 1216 contritos.
1505 1187 1507 1194 ι

354 1234 409 1296 Pr.
442 1232 500 1294 Nb·
534 1232 608 1296 Lud.
637 1233 812 1295 corrasit.
866 1233 990 1296 Sensum
1025 1232 1218 1311 stropharum
1245 1232 1340 1314 liugas
1370 1235 1422 1295 libi
1453 1267 1455 1276 =

353 1319 453 1379 borne:
482 1315 613 1376 Habebat
640 1315 690 1376 ille
711 1317 791 1379 cunis
811 1317 926 1379 divinus
946 1317 1044 1376 dentes
1065 1318 1190 1378 molares
1208 1318 1297 1397 duos,
1326 1319 1422 1398 legem

355 1416 385 1460 or
410 1400 609 1478 evangelium:
637 1412 787 1484 utrumque
809 1402 937 1463 enimin
959 1399 1219 1481 praedicationibus
1241 1412 1268 1464 et
1289 1402 1421 1481 epistolis

353 1485 522 1546 surisdooet
551 1493 635 1564 atquc
656 1487 788 1553 inculcat,
838 1486 896 1549 Hic
917 1485 1048 1547 dentibus
1071 1485 1203 1551 contrivit
1224 1487 1336 1567 specics
1357 1506 1420 1548 me-

353 1563 519 1630 dicina'rum
547 1589 639 1647 neque
660 1570 777 1634 ,alienus
806 1581 906 1633 oreta
933 1591 1013 1632 more
1040 1588 1158 1649 canum,
1191 1569 1419 1651 quosliugendo

315 1725 321 1735 Ι
354 1655 480 1715 vulnera
505 1655 609 1714 sbrrurc
635 1654 680 1715 vel
711 1656 841 1716 relorera
870 1675 955 1717 nemo
984 1675 1041 1715 non
1068 1655 1191 1734 ignorat.
1243 1658 1291 1722 16.
1313 1655 1364 1719 17.
1386 1658 1420 1717 ln

353 1739 485 1820 siugulis
512 1738 597 1799 bbris
621 1741 805 1817 stropharum
831 1742 900 1802 ordo
930 1742 1060 1801 turbatus
1089 1749 1148 1812 θείς
1174 1742 1249 1820 apud
1271 1740 1442 1816 Ludccum.
1525 1768 1528 1780 ·

352 1825 533 1886 omittuntur.
575 1822 624 1900 Pr.
653 1823 714 1888 Md.
738 1825 829 1887 il'orr.
856 1827 910 1888 Ad.
938 1844 1157 1886 conversum
1183 1824 1225 1884 ad
1252 1844 1329 1887 nos.
1359 1826 1415 1890 Nb.

352 1930 460 1969 conv.
484 1927 701 1970 couversos.
746 1908 805 1970 Vas
824 1910 961 1987 electum,
981 1913 1045 1971 Act.
1061 1909 1118 1986 ΙΧ,
1141 1910 1191 1972 15.
1212 1908 1251 1970 Η.
1274 1908 1342 1985 XC,
1366 1910 1421 1974 11.

351 1995 406 2055 18.
430 1992 478 2054 PS.
500 1990 606 2068 CXW,
629 1992 841 2068 3.'M11revr[dit
860 2014 883 2052 et
901 2000 989 2069 firgus,
1016 2003 1136 2050 Iordanes
1159 2020 1290 2052 conversus
1313 2015 1349 2078 pst
1372 2022 1416 2052 re-

349 2102 473 2140 trorsum.
507 2075 599 2138 Ludo
616 2085 662 2134 Per
680 2087 750 2131 more
766 2068 884 2146 Erbnihi,
901 2102 947 2149 per
963 2084 1097 2132 Iordanem
1115 2093 1201 2138 autem
1218 2084 1310 2133 Iudaei
1335 2067 1416 2146 cidin-
1519 2083 1521 2088 ’

350 2172 474 2241 γορικιῦς
496 2167 692 2236 intelliguntur,
719 2163 922 2227 qrrorum¹rnulti
942 2184 988 2233 per
1007 2159 1116 2212 Paulum
1134 2165 1245 2213 converri
1259 2177 1328 2215 sunt.
1365 2154 1414 2217 17.

349 2244 393 2302 ltu
415 2241 447 2300 in
470 2236 888 2313 codicibus,iub1issalibus=
915 2236 1052 2296 relicto
1080 2251 1109 2295 r.
1132 2255 1161 2314 p.
1203 2236 1251 2315 Og
1269 2236 1325 2297 boc
1352 2235 1416 2298 loeo

349 2324 511 2404 accipiatur
535 2343 586 2403 pro
608 2322 738 2400 diabolo,
767 2321 814 2400 qui
841 2329 943 2401 gentos
972 2340 1008 2380 ex
1035 2316 1168 2379 vitiorum
1198 2320 1340 2397 profundo
1368 2321 1419 2382 re-'

349 2413 462 2471 demtas
487 2406 652 2489 opprimere
678 2421 706 2470 ct
733 2405 840 2465 morari
870 2414 1005 2481 conatur,
1034 2402 1117 2463 sicuti
1147 2402 1194 2482 Og
1215 2404 1362 2473 israelitas
1384 2407 1414 2467 iu

348 2501 481 2573 desert03
501 2492 635 2554 similiter
655 2490 777 2569 August.
801 2491 835 2548 de
857 2489 940 2551 'Prin
960 2490 996 2565 4,
1018 2490 1073 2550 152
1098 2499 1168 2547 Sicut
1186 2488 1297 2549 Amate'lr
1313 2503 1412 2552 rescitis

340 2582 414 2651 filiis
438 2579 534 2643 lsrael,
559 2598 590 2627 ne
614 2580 738 2628 intrarent
756 2578 894 2626 interram
915 2575 1104 2643 promissionis,
1126 2574 1164 2622 sir
1186 2575 1256 2624 nobis
1275 2576 1411 2637 diabolum

347 2651 393 2699 secl
415 2651 528 2698 vincitur
550 2648 652 2712 qnando
673 2665 763 2696 manus
790 2646 818 2694 in
849 2645 930 2695 cruris
959 2646 1060 2693 modum
1090 2644 1205 2692 extendit
1228 2644 1316 2695 Moses
1341 2648 1361 2695 i.
1387 2655 1409 2695 et
1481 2667 1483 2672 ·

351 2720 466 2771 Christus
483 2720 511 2767 irc
530 2734 627 2766 cruce..

730 3130 733 3135 .
844 3071 915 3138 XL.

509 3212 516 3221 ’
561 3228 564 3235 “
631 3217 685 3281 De
705 3217 746 3279 Β.
765 3215 883 3279 Μανία
903 3215 1122 3296 Mugduleno.

351 3366 355 3373 '
410 3360 440 3422 l.
483 3358 563 3418 Laus
580 3354 648 3433 tibi,
671 3352 799 3414 Christe:
823 3352 871 3433 qui
892 3370 924 3413 es
938 3359 1049 3412 creator
1070 3353 1112 3432 (et
1134 3350 1311 3430 redemptor,
1334 3351 1408 3413 idern

342 3453 371 3505 et
394 3441 551 3533 salvator).
1182 3497 1185 3504 ,

407 3546 462 3607 2..
486 3542 587 3620 Cocli,
609 3550 718 3617 terrae,
740 3536 845 3618 maris,
868 3534 1040 3615 angelorum
1062 3547 1089 3597 et
1108 3535 1269 3602 bominum.

407 3646 440 3709 3.
486 3646 580 3722 Quem
603 3641 698 3703 solum
717 3639 811 3700 Deum
832 3636 999 3699 confitemur
1019 3646 1047 3696 et
1069 3636 1225 3702 bominem.

404 3749 437 3810 4.
482 3745 541 3823 Qui
564 3752 728 3825 peccatores
751 3739 853 3800 venisti
875 3751 906 3801 ut
927 3740 1025 3800 salvos
1046 3738 1174 3816 iaceres,

352 3841 357 3847 ⁹
385 3852 435 3915 ¹5.
479 3847 564 3928 (Sine
585 3855 701 3925 peccato
723 3843 829 3922 peccati
852 3860 1003 3903 assumens
1024 3837 1195 3922 formulam)

405 3952 434 4017 6.
478 3950 609 4026 Quorum
638 3945 672 4006 de
701 3963 809 4025 grege,
842 3952 872 4004 ut
900 3941 1100 4016 Conanaeam,
1127 3939 1253 4002 Mariam
1283 3925 1403 4003 visitasti
1440 3986 1446 3993 .
1543 3953 1552 3970 ’

338 4034 561 4115 Magdalenem.
587 4110 601 4122 „
960 4100 962 4105 ,
1066 4113 1068 4116 Ι

960 4127 1030 4188 llam
1052 4127 1150 4203 micis,
1172 4128 1248 4190 banc
1268 4123 1402 4188 refovens

339 4221 466 4391 imagi&
483 4323 517 4382 ln
536 4321 619 4381 domo
641 4293 770 4379 Simonis
791 4294 898 4393 leprosi
920 4312 1060 4375 conviviis
1079 4315 1221 4375 accubans
1242 4311 1353 4388 typicis.

398 4427 436 4490 9.
476 4407 642 4486 Murmurat
656 4417 840 4498 pharisaeus,
853 4413 903 4474 ubi
917 4414 1013 4494 plorat
1026 4415 1134 4475 semina
1140 4411 1269 4474 criminis
1276 4412 1399 4473 conseia.

370 4527 434 4593 10.
476 4526 615 4589 Peccator
628 4516 782 4584 contemnit
797 4526 1040 4594 compeccantem:
1061 4515 1168 4595 peccati
1189 4512 1305 4574 nescius
1327 4532 1399 4592 poe-

336 4614 479 4676 nitentem
499 4607 636 4685 exaudis,
662 4604 802 4671 emundas
828 4602 958 4679 foedam,
986 4618 1067 4661 amas
1095 4609 1125 4660 ut
1152 4597 1281 4677 pulcram
1301 4598 1401 4660 lorias.
