3750 5400
877 1146 933 1233 Ν.

433 1276 1400 1428 s„uouavuuuuaas

843 1565 969 1633 exxl.

669 1708 868 1772 Loudiamos
896 1712 936 1771 de
965 1664 1013 1773 δ’.Ι
1028 1712 1138 1775 Crater.

370 1884 399 1947 1.
415 1831 611 1940 Recordare.
633 1892 749 1940 sanotae
775 1867 887 1954 erucis,¹
943 1880 973 1942 6.
988 1880 1070 1943 Crux
1086 1889 1130 1942 est
1143 1881 1292 1959 speculum
1307 1878 1433 1957 uirtutis,

412 1964 469 2040 Qui
497 1965 654 2041 perfectam
682 1964 879 2041 eremiticis,
988 1964 1140 2025 Gloriosae
1160 1967 1219 2025 dux
1242 1964 1359 2036 salutis,
1447 2007 1449 2012 -

404 2049 563 2109 Delectata
584 2049 700 2127 iugiter.
853 2097 854 2105 ,
987 2050 1099 2110 Cuueta
1120 2070 1193 2127 spes
1211 2049 1347 2110 fidetium.

379 2137 381 2142 ⁴
410 2134 535 2194 Sauotae
555 2135 648 2193 erneis
670 2133 821 2196 recordare
984 2132 1065 2194 Crux
1078 2137 1216 2193 esidorus
1230 2135 1436 2195 salvandorum

409 2219 447 2279 Et
469 2218 499 2278 iu
519 2218 585 2297 ipsa
601 2217 740 2278 meditare
986 2216 1023 2279 Et
1045 2218 1178 2278 solatium
1202 2237 1299 2277 eorum

408 2302 621 2368 insatiabiliter.
892 2311 895 2340 ³
944 2293 948 2309 ⁸
984 2302 1077 2381 Atque
1099 2302 1282 2364 desiderium.

366 2440 398 2500 2.
413 2438 510 2512 Quum
533 2435 656 2515 quiescis
679 2435 879 2509 antiohenis,
942 2437 978 2515 '72'
988 2435 1070 2497 Crux
1093 2445 1136 2498 est
1157 2438 1244 2497 arhor
1264 2437 1412 2517 decorata,

372 2584 375 2608 ,
412 2522 534 2598 Quando
546 2520 631 2596 rides,
648 2517 879 2599 quaudopiuras,
985 2521 1095 2582 Christi
1117 2523 1259 2600 sauguine
1281 2533 1415 2599 saerata,

408 2605 499 2667 Duies
520 2604 749 2684 sire-gaudeas,
987 2605 1105 2666 Cunctis
1127 2606 1213 2683 pirna
1235 2606 1393 2678 fruetihus3

410 2690 532 2767 Quando
548 2686 878 2768 vadis‚quandove11is,
980 2690 1096 2766 'Quibus
1117 2690 1231 2751 animae
1254 2702 1412 2765 eruuntur,

406 2775 441 2836 lu
462 2773 591 2850 solatiis,
613 2773 643 2834 iu
665 2773 766 2852 poenis
983 2774 1055 2834 Cum
1078 2775 1212 2854 superuis
1233 2775 1399 2836 atttriuutur

368 2891 371 2896 ·
406 2858 532 2921 Crucem
554 2859 638 2919 eorde
659 2860 793 2919 teneas(
984 2859 1067 2920 Cibis
1089 2860 1117 2919 iu
1141 2859 1321 2921 coelestibus.

366 2996 396 3060 3,
410 2992 494 3073 Crux
518 2993 549 3054 iu
575 2991 708 3054 omuibus
730 2991 877 3072 pressuris
943 2997 972 3060 8.
986 2993 1150 3074 Speoialeru
1172 2994 1217 3054 ser
1238 3011 1367 3068 amorem

407 3080 448 3142 Er
468 3078 498 3139 iu
520 3078 659 3158 gravibus
680 3086 709 3138 et
729 3077 810 3138 doris
984 3081 1022 3140 Et
1044 3078 1230 3157 praecipuum
1252 3077 1391 3137 honorem

312 3230 314 3234 ,
362 3218 366 3223 .
409 3165 466 3227 Est
486 3173 576 3229 totutu
598 3162 766 3246 remedium.
986 3163 1072 3224 Cruci
1094 3160 1270 3224 salutiferae.
1422 3224 1424 3231 ¹

410 3245 493 3319 Crux
515 3246 544 3306 iu
564 3245 667 3326 ¹poeuis
689 3259 716 3307 et
728 3245 878 3306 tormentis
985 3247 1059 3308 Cum
1081 3248 1195 3306 feruore
1223 3243 1431 3324 medullarum,

409 3330 464 3392 Est
485 3330 603 3393 dulcedo
623 3329 688 3408 piae
710 3328 815 3391 mentis
910 3336 912 3341 '
984 3333 1065 3392 Νίκη
1087 3329 1193 3390 virium
1215 3339 1329 3390 tuarum

407 3413 446 3477 Et
465 3435 568 3480 verum
589 3413 745 3494 refugium.
983 3414 1064 3478 Velis
1084 3416 1161 3476 haue
1181 3413 1312 3494 diligere.

366 3550 396 3612 4.
411 3548 493 3612 Crux
515 3559 559 3613 est
579 3557 663 3628 porta
682 3548 832 3624 Paradisi,
940 3551 970 3613 9.
989 3549 1153 3628 Diligenter
1174 3569 1246 3628 pone
1267 3559 1394 3612 mentem

408 3636 442 3695 in
463 3653 519 3714 qua
541 3635 633 3696 saneti
655 3644 722 3695 suut
744 3633 859 3711 confisi,
984 3635 1079 3714 Super
1092 3628 1427 3713 Christum‘patieutem,

408 3719 465 3795 Qui
487 3719 615 3780 riceruut
638 3719 743 3782 omnia.
913 3742 918 3760 ¹
983 3719 1021 3780 Et
1042 3717 1068 3777 ei
1090 3719 1250 3780 condoleas.

409 3803 492 3866 Crux
514 3811 557 3864 est
577 3804 674 3864 muudi
698 3801 854 3880 medicina,
982 3802 1092 3864 Christi
1110 3812 1241 3880 mortem,
1257 3801 1432 3880 Christiane,

406 3887 465 3949 Per
485 3907 572 3968 quam
595 3889 706 3949 bouitas
726 3885 824 3949 diviua
978 3888 1090 3966 Piauge
1116 3908 1180 3948 sero
1203 3898 1407 3966 apremonte,

406 3972 491 4033 Facit
511 3973 664 4036 mirabilia.
781 3996 784 4001 ·
981 3973 1018 4033 Et
1040 3973 1070 4032 iu
1090 3973 1206 4052 planctu
1228 3973 1366 4050 gatrdeaa.

367 4105 490 4169 {actua
511 4119 555 4169 est
575 4107 656 4169 saius
677 4107 857 4184 auimatum,
921 4107 971 4173 10.
987 4108 1082 4184 Quam
1116 4109 1291 4188 despectus,
1345 4123 1431 4182 quam

704 4192 720 4255 ’,
1234 4188 1359 4247 deiectus

408 4275 517 4336 Verum
531 4274 627 4336 lumen
641 4282 668 4335 et
683 4274 877 4354 praeclarum,
983 4277 1051 4337 Rex
1073 4275 1217 4336 ooeiorom
1242 4283 1285 4330 ost
1304 4270 1432 4350 effeetus,

409 4361 447 4420 Et
468 4360 586 4423 duioedo
609 4360 747 4424 cordium.
985 4361 1024 4420 Ut
1043 4360 1170 4418 salvaret
1191 4355 1343 4420 seculum?

408 4444 492 4506 Crux
515 4454 559 4504 est
579 4442 639 4506 rita
660 4446 808 4505 beatorum
985 4443 1116 4505 Esuririt
1138 4454 1166 4501 et
1186 4438 1291 4512 sitivit,

412 4529 448 4589 Et
472 4531 626 4592 thesaurus
648 4529 841 4606 perfectorum
989 4529 1103 4605 Pauper
1124 4535 1152 4586 et
1173 4544 1282 4602 egenus
1305 4526 1356 4584 irit

413 4613 451 4674 Et
472 4616 559 4676 deror
581 4623 609 4674 et
631 4614 780 4702 gaudium.
806 4648 811 4655 ·
990 4612 1088 4694 Usque
1107 4611 1142 4670 ad
1165 4608 1333 4690 patibulum.
