3750 5400
802 707 809 727 ‘
893 693 987 769 12·

964 739 978 758 N

368 843 370 852 ,
411 855 530 935 mis'er
559 878 735 950 peccator
766 869 810 931 sic
837 870 1034 952 deprehensns
1062 889 1133 951 qno
1167 868 1316 950 fugies?
1350 870 1474 931 latere

411 956 488 1018 enim
502 964 545 1016 est
558 954 751 1034 impossibile,
772 971 962 1036 apparere
984 955 1174 1017 intolerabile.
1219 955 1263 1018 ct.
1277 958 1345 1019 loel.
1360 956 1402 1034 ll,
1424 955 1475 1016 lt.

410 1044 529 1112 Magnus
547 1042 611 1090 enim
630 1044 684 1090 dier
701 1043 807 1092 Domini
823 1055 847 1092 et
864 1041 983 1092 terribilis
1001 1042 1076 1091 valde
1094 1054 1118 1091 et
1136 1043 1191 1106 quie
1208 1044 1340 1093 sustinebit
1357 1043 1435 1091 eum?

495 1106 662 1184 Stropba
685 1106 835 1169 Octava.
878 1109 974 1169 Etiam
996 1108 1061 1169 iusti
1085 1129 1143 1168 non
1171 1108 1321 1170 solvantur
1348 1127 1401 1187 per
1427 1106 1474 1166 iu·

411 1192 519 1253 stitiom
546 1191 601 1252 sibi
628 1191 824 1253 inhaerentem
851 1194 900 1254 sed
929 1212 982 1272 per
1002 1193 1137 1273 gretiam.
1186 1192 1283 1268 Gratis
1305 1190 1423 1255 enimi.
1446 1210 1471 1251 e.

409 1298 468 1337 nou
497 1286 614 1355 propter
648 1294 737 1354 opera
770 1278 855 1338 donat
883 1277 965 1345 Dens
998 1278 1143 1337 coelorum
1171 1277 1383 1341 beatitudinem.
1440 1276 1473 1335 ln

409 1360 504 1441 primo
525 1377 560 1420 ac
581 1361 704 1420 seeundo
727 1360 871 1423 versiculo
893 1362 1023 1422 attendas
1043 1364 1079 1422 ad
1101 1361 1160 1422 rim
1183 1382 1269 1439 qnam
1282 1364 1388 1423 babent
1409 1359 1472 1439 epi-

410 1445 488 1506 theta
508 1442 564 1503 sibi
586 1443 717 1523 opposite
738 1445 817 1524 regis
838 1446 977 1508 tremendi
998 1464 1033 1507 oc
1054 1444 1186 1508 salvifici.
1225 1446 1286 1507 Nec
1307 1447 1369 1507 sine
1383 1462 1472 1505 causo

350 1588 355 1595 .
409 1529 572 1609 appellatur
591 1523 672 1587 Dens
693 1527 779 1590 inlex
800 1529 887 1591 saecli
909 1540 1064 1608 venturae,
1092 1550 1173 1592 rex:
1200 1528 1352 1607 nam,'ut
1372 1540 1417 1591 est
1440 1528 1485 1605 iu,

393 1612 523 1694 ,Gnono
545 1611 694 1690 Bongetii:
722 1632 775 1673 rex
796 1624 840 1674 est
861 1614 1195 1694 appellatio-maiestatis
1215 1616 1312 1696 pleon.
1358 1616 1390 1677 2.
1413 1612 1469 1675 Vn.

330 1721 336 1728 ·
409 1697 606 1759 salvando.
650 1696 680 1758 3.
702 1695 786 1758 Ceret.
808 1698 884 1779 neg.
907 1698 1104 1763 bonitatis.

491 1779 793 1858 StropbaNona.
838 1785 866 1846 1.
887 1783 1159 1848 Htimm.lesnrn.
1200 1780 1470 1849 2.Marm.Mant.

410 1866 502 1946 qnod
525 1864 607 1924 sim.
627 1863 760 1929 Haemm.
782 1867 844 1946 qni
866 1887 953 1933 snm.
975 1866 1059 1929 offic.
1081 1867 1233 1933 Harnmon.
1254 1868 1358 1935 Ramb.
1382 1864 1470 1945 qnid

364 1985 367 1991 »
409 1969 496 2011 stim.
519 1948 562 2012 Μ,
586 1948 636 2032 18.
657 1950 711 2013 Vn.
733 1951 820 2029 qnia
842 1973 927 2015 sum.
970 1951 1055 2012 Harrc
1076 1952 1247 2030 scripturam
1269 1953 1340 2013 duco
1363 1950 1468 2030 genui-

408 2051 490 2093 nom:
515 2031 596 2112 quio,
618 2043 648 2094 nt
669 2053 756 2114 saepe
778 2046 838 2115 est,
866 2036 1107 2118 monosyllabum.
1150 2034 1265 2096 Similia
1285 2036 1420 2117 leguntur
1440 2033 1471 2094 in

408 2115 661 2179 commendatione
680 2120 808 2180 animae:
826 2130 925 2179 Liberer
942 2141 967 2178 te
985 2146 1001 2176 a
1014 2141 1092 2178 marte
1112 2128 1224 2177 Christus
1243 2131 1286 2193 qui
1300 2149 1346 2197 pro
1362 2140 1388 2178 ie
1406 2126 1469 2177 mon'

409 2205 638 2273 dignatusest-
667 2207 875 2256 Commendamus
897 2205 946 2254 tibi
969 2205 1084 2272 animam
1102 2203 1205 2270 famuli
1228 2206 1268 2253 tui
1287 2221 1468 2271 precamurque

408 2288 434 2325 te
446 2272 555 2320 Domine
574 2272 631 2320 Iesu
647 2274 745 2323 Christe
760 2273 876 2324 salvator
892 2274 981 2321 mundi
998 2284 1026 2321 ut
1041 2284 1142 2339 propter
1160 2291 1235 2336 quam
1250 2275 1286 2321 ad
1303 2285 1397 2321 terram
1415 2272 1468 2320 mi·-

330 2395 333 2404 .
408 2340 567 2393 eericcrclr'ter
584 2342 735 2391 descendisti
749 2341 957 2408 patriarcharum
969 2342 1073 2389 'tuorum
1092 2341 1187 2388 sinibus
1205 2342 1335 2390 insinuare
1352 2360 1401 2388 non
1425 2358 1468 2388 re-

409 2430 484 2464 nuas.
516 2404 652 2483 Nequeo
674 2428 706 2467 rc
725 2417 768 2467 est
790 2406 937 2487 percipere
965 2406 1102 2466 sublimia
1128 2409 1217 2467 rerba
1238 2406 1271 2466 S.
1292 2403 1468 2486 Hieronymi

408 2488 445 2548 ud
472 2486 602 2552 Hellod.:
631 2501 779 2549 Iudicaturo
796 2499 907 2547 Domino
924 2497 1041 2566 lugubris
1064 2501 1172 2547 mundus
1189 2501 1322 2568 immugiet
1346 2511 1368 2547 et
1387 2500 1468 2548 tribus

411 2575 447 2623 ad
469 2576 563 2623 tribum
584 2585 687 2641 pectora
701 2570 812 2640 ferient.
853 2574 1024 2621 Potentissimi
1047 2576 1173 2637 quandam
1203 2592 1273 2641 reges
1296 2575 1363 2622 nudo
1388 2573 1468 2622 latere
1505 2591 1508 2597 ·

408 2641 582 2712 palpitabunt.
617 2640 786 2689 Exhibebitur
801 2652 862 2690 tunc
879 2659 935 2689 cum
951 2641 1021 2704 prole
1037 2661 1086 2689 ena
1108 2643 1197 2710 igneus
1217 2643 1324 2708 iupiter,
1350 2644 1468 2690 adduce·-

408 2725 452 2762 tur
469 2730 525 2760 cum
542 2713 595 2760 suis
612 2708 705 2759 stultus
722 2708 798 2758 Plato
811 2709 969 2776 discipulis,
992 2710 1139 2760 Aristotelis
1164 2722 1317 2776 argurnenta
1335 2730 1384 2759 non
1400 2729 1464 2777 pra-

409 2783 507 2830 derunt.
551 2781 623 2829 Tunc
647 2790 675 2826 tu
697 2778 841 2825 rusticanus
865 2789 889 2826 et
906 2779 1008 2845 'pauper
1030 2777 1158 2827 exultabis
1183 2790 1207 2826 et
1232 2780 1315 2827 dices:
1332 2780 1400 2827 Eece
1421 2781 1466 2828 iu-

408 2851 459 2898 dex
477 2848 520 2911 qui
535 2846 661 2896 involutus
676 2845 769 2911 pannio
792 2846 819 2893 in
834 2846 965 2912 praesepio
989 2847 1087 2912 vagiit,
1111 2845 1153 2893 iric
1175 2847 1219 2910 qui
1235 2848 1325 2894 rrratric
1347 2859 1466 2914 gestatus

409 2917 481 2976 sinu,
500 2914 542 2962 iric
552 2914 723 2982 pungentibus
738 2913 817 2979 opinis
835 2924 978 2962 coronatus.
1016 2914 1190 2961 Cernemanus
1203 2915 1301 2962 iudaea
1314 2933 1377 2976 qua-s·
1391 2913 1466 2977 fixe-

407 3001 466 3046 ras,
486 3001 557 3030 cerne
572 2981 641 3031 Ictus
660 2982 773 3029 Romane
791 2979 993 3048 qucdfcderac,
1013 2981 1095 3029 videte
1111 2983 1176 3029 idem
1196 2981 1229 3028 eit
1247 2983 1313 3044 quod
1330 2983 1465 3030 dicebaris.

397 3062 400 3069 “
476 3047 655 3125 *Strophio
676 3045 834 3108 Decima.
880 3050 907 3108 l.
928 3045 1035 3107 Merm.
1058 3046 1151 3109 Mant.
1172 3047 1314 3108 venisti
1334 3046 1467 3114 Haemm.

407 3129 530 3195 fuisti.
577 3130 683 3194 Procul
722 3131 807 3192 dubio
842 3130 934 3210 tangit
970 3141 1054 3210 poeta
1086 3130 1180 3191 locum
1209 3130 1306 3193 loono.
1335 3131 1391 3208 lli,
1428 3131 1467 3198 be

405 3226 476 3277 Iecne
489 3245 549 3295 ergo
555 3224 696 3295 fatigatue
710 3243 742 3273 ex
755 3228 844 3274 itinere
853 3228 956 3274 sedebat
970 3229 1007 3275 sie·
1017 3224 1093 3291 supra
1102 3225 1203 3292 fontem
1214 3248 1247 3259 —
1258 3236 1350 3295 lteqtte
1362 3234 1381 3276 ib
1395 3235 1464 3278 Vero

405 3301 533 3362 alienum
547 3321 611 3363 esse
625 3300 738 3362 videtur
750 3302 823 3378 quotl
839 3300 1002 3378 suspicatur
1014 3299 1183 3362 Mobnikins
1200 3301 1383 3361 obversatum
1400 3319 1465 3362 esse

330 3440 337 3457 .
404 3395 505 3463 poetae
519 3385 714 3465 Angustinnm
729 3383 758 3444 in
775 3385 851 3448 loon.
863 3385 964 3446 Tract.
979 3389 1029 3447 to.
1056 3393 1373 3464 Nonfmsrrafangaeur
1386 3400 1464 3461 lesus,

404 3488 454 3520 non
472 3474 535 3519 enim
550 3471 652 3544 frustra
662 3471 805 3538 fatigatur
823 3475 902 3521 uirtus
920 3474 985 3535 Dei,
1004 3491 1054 3521 nan
1071 3474 1137 3520 enirn
1144 3470 1254 3539 frustra
1262 3471 1405 3541 fatigatur
1420 3495 1466 3543 per

404 3556 475 3599 quem
485 3537 609 3606 fatigati
627 3552 773 3589 recreantur
789 3564 823 3576 -
839 3539 1027 3607 -fatigatur
1044 3551 1130 3589 tamen
1146 3543 1215 3588 Iesus
1235 3554 1258 3589 et
1268 3541 1413 3610 fatigatur
1430 3547 1463 3593 ab

403 3611 493 3659 itinere
517 3614 631 3660 eineder
655 3636 689 3648 -
716 3639 748 3648 -
774 3614 823 3661 tibi
837 3611 980 3679 fatigatus
1009 3624 1045 3662 est
1071 3615 1104 3661 ab
1127 3615 1315 3679 itinere-Iecur.
1350 3609 1464 3670 Tueiur

402 3679 480 3741 item
496 3679 548 3742 Vir
562 3680 670 3743 Doctus
685 3682 856 3762 scripturam
871 3684 1011 3746 venisti
1036 3694 1146 3752 ..la-seue
1167 3697 1235 3747 tann
1253 3699 1307 3750 tier
1323 3703 1380 3752 retr
1397 3700 1464 3753 notit

394 3763 449 3836 fiir
472 3767 589 3817 schwaclr
613 3768 754 3835 iiberlraupt
776 3771 863 3843 stelin,
885 3789 912 3819 so
936 3773 997 3819 daec
1021 3774 1066 3819 der
1087 3774 1194 3823 Dichter
1217 3774 1272 3837 auf
1291 3781 1339 3827 den
1359 3799 1463 3848 ganzen

403 3839 488 3889 Sternet
510 3843 554 3890 der
571 3841 764 3910 Erniedrigung
788 3844 884 3893 Cleri-sti
906 3844 1069 3917 iringedeutet
1087 3847 1164 3898 bat.“
1199 3839 1256 3900 Setl
1279 3845 1371 3914 malti,
1393 3866 1462 3906 llam

401 3912 506 3992 reliqui
525 3910 591 3972 libri
614 3913 649 3973 atl
672 3934 758 3974 unum
776 3930 881 3977 'omnes
903 3918 1049 3999 sedisti.
1091 3921 1119 3986 2.
1141 3922 1216 4004 Aug.
1248 3918 1276 3990 Ϊ.
1299 3929 1329 3989 2.
1353 3930 1462 3993 Marm.

401 3997 495 4060 Mant.
525 3995 608 4058 Cant.
636 3995 712 4076 neg.
741 3998 874 4062 Haemm.
904 4022 1021 4067 crnee.
1071 4003 1257 4070 Mobuikins:
1282 4023 1461 4074 DerActariv

309 4126 312 4135 ,
400 4086 434 4134 iot
448 4085 529 4151 trblirgr
546 4104 572 4133 ec
588 4095 639 4153 gut
656 4087 709 4134 und
719 4086 817 4148 ricbtip·
830 4086 871 4136 ab
886 4091 931 4138 der
941 4093 1082 4140 Accusatio
1094 4093 1119 4141 in
1133 4095 1188 4142 dem
1201 4089 1353 4145 tircbb‘cben
1370 4101 1460 4148 Texte.

401 4149 432 4215 3.
453 4150 586 4213 Hoemm.
611 4148 747 4213 lassus.
767 4151 878 4214 Follen.
902 4175 944 4216 ne
972 4156 1021 4216 sit
1041 4177 1066 4220 e.
1089 4193 1129 4204 -
1151 4158 1291 4222 Centoras
1319 4184 1384 4224 cnm
1406 4165 1462 4234 bac

400 4236 535 4312 stropbu,
565 4253 637 4312 qnae
665 4233 766 4296 cecinit
787 4245 871 4314 poeta
893 4240 1019 4317 gallicus
1040 4242 1125 4302 medii
1147 4246 1210 4304 oevi
1234 4247 1283 4327 (ci.
1304 4248 1420 4312 Hennes
1442 4248 1461 4311 ὲ

400 4317 512 4398 l’cscge
535 4331 588 4383 etc.
611 4320 697 4381 Tam.
722 4319 742 4385 l.
759 4320 850 4383 Proll.
869 4344 897 4402 p.
919 4324 1010 4404 xtv.)

608 4419 689 4481 lesus
712 4429 741 4481 to
762 4420 859 4500 croix,
881 4424 1049 4500 trecium,
1072 4436 1100 4487 tc
1122 4426 1223 4505 lance,

501 4514 514 4525 ‘
606 4505 667 4566 'Pes
689 4525 848 4597 eonrgces,
875 4517 904 4569 ta
925 4509 1089 4587 penitense,

607 4587 655 4652 'l'a
676 4610 801 4654 coronne
821 4591 978 4675 poignuntc
998 4605 1025 4657 et
1045 4596 1131 4679 inre,
1158 4642 1160 4649 .
