3750 5400
885 678 987 754 aen
1019 739 1022 744 .

1103 773 1107 784 ,
1125 743 1148 784 0

866 898 1007 966 xxxlt.
1056 975 1058 980 ,

640 1041 693 1104 De
714 1044 826 1104 eodem
848 1040 897 1118 (S.
917 1040 1056 1124 Aloyrr‘t
1074 1043 1240 1122 suspirio.)

400 1211 427 1273 0
448 1209 565 1272 Christe
587 1209 715 1289 pendens
736 1212 856 1289 arbore,
958 1209 1009 1269 Me
1031 1208 1074 1269 sio
1095 1208 1220 1280 omentis
1240 1205 1355 1285 gloriae.

442 1298 551 1356 Amore
574 1292 756 1356 vnlneratus!
1001 1293 1151 1372 Vitnmque
1172 1289 1401 1370 sanguinemque

401 1379 533 1441 Prudens
553 1377 663 1438 amorio
685 1377 819 1439 viotimn!
958 1376 990 1437 Si
1014 1378 1120 1437 millies
1143 1376 1326 1454 impendero,

443 1463 521 1539 Quid
536 1460 653 1522 Christe
674 1465 713 1522 mi
737 1461 915 1542 rependam?
1000 1461 1047 1522 nu
1069 1460 1238 1539 quantulum
1261 1456 1403 1537 rependo!

400 1548 489 1608 Later
510 1546 619 1608 minuto
639 1547 788 1608 mouimus
957 1545 1038 1607 Haeo
1059 1545 1122 1606 sola
1143 1546 1265 1623 postiae
1286 1544 1415 1616 vitarit,
1459 1606 1469 1619 ‚

377 1681 386 1698 .
442 1630 504 1691 sun
526 1627 611 1709 ponis
630 1627 795 1702 involuer03
1001 1630 1096 1690 Sudor
1118 1629 1256 1706 laborque
1289 1626 1389 1705 solus,

399 1714 474 1776 Mihi
496 1721 524 1774 te
545 1713 598 1774 das
617 1713 777 1792 lerenlum,
959 1718 1067 1776 Amore
1090 1724 1116 1774 te
1139 1734 1190 1792 pro
1211 1711 1341 1786 virinus,

445 1797 520 1874 Quid
543 1795 658 1859 Glrriste
680 1799 719 1861 rni
740 1799 917 1877 rependam?
1003 1797 1137 1877 Moriqoe
1159 1798 1201 1858 sio
1223 1795 1359 1858 amando.

710 1951 747 2010 lit
769 1961 796 2010 te
818 1952 931 2011 beatum
957 1948 1123 2028 Virginem,

744 2034 920 2096 Mortalilms
943 2036 1068 2095 sulutem

712 2119 795 2194 erne
817 2117 981 2198 protulisti,
1004 2118 1143 2195 diligam,

754 2200 831 2261 Dum
854 2202 976 2278 vixero,
997 2200 1113 2271 Μανίας
1139 2262 1147 2282 ,

703 2283 761 2343 Sed
785 2285 897 2363 Mater,
920 2295 951 2346 ut
974 2285 1143 2346 elientulum

751 2367 837 2428 iuves
860 2369 1090 2449 periclitantem,

633 2457 636 2466 '
708 2449 766 2511 Per
787 2451 858 2512 Filii
877 2462 905 2513 te
928 2453 1050 2516 vulnero

726 2568 733 2585 ·
753 2535 903 2616 Oltestor,
926 2548 953 2599 et
973 2555 1114 2599 eruorem.

858 2846 1016 2914 XXXllI.

816 2987 871 3049 De
890 2990 1012 3056 eodem.
1026 2990 1045 3024 ⁴*

552 3120 680 3184 Festinis
702 3129 838 3182 resonent
859 3124 984 3202 compita
1005 3124 1140 3201 vooilrnsq
1220 3188 1228 3200 ,

553 3205 641 3266 Cives
664 3203 802 3267 laetitiam
824 3206 967 3268 frontibus
988 3209 1150 3288 explicent=

551 3288 661 3349 Tardis
684 3287 865 3350 flammiferis
883 3290 983 3352 ordine
1004 3295 1143 3372 prodeant

553 3372 685 3433 lustrueti
709 3373 790 3450 pueri
814 3382 841 3434 et
862 3393 958 3436 senes.

597 3457 690 3530 Quem
714 3457 786 3517 dnru
807 3459 935 3518 moriens
956 3458 1091 3522 Christus
1111 3461 1143 3524 in
1163 3465 1284 3542 arbore,

553 3539 639 3598 Fudit
661 3538 812 3619 multiplici
844 3541 965 3602 vulnere
993 3544 1182 3624 sauguinem
1245 3604 1249 3614 .

553 3622 614 3681 Nos
637 3622 703 3680 lorti
728 3643 871 3686 memores
891 3627 961 3688 dum
981 3627 1121 3707 colimus,
1143 3633 1223 3693 deeet

551 3702 661 3762 Saltem
683 3705 803 3765 fundere
827 3708 980 3787 leronymus.

592 3785 728 3845 Humano
751 3790 851 3865 generi
874 3794 1016 3869 peruieies
1036 3796 1137 3874 gravis

550 3869 652 3930 Adurni
675 3871 779 3930 veteris
799 3873 917 3936 erimine
938 3878 1073 3958 contigit:

550 3952 652 4014 Adumi
673 3952 825 4031 integritus
846 3967 873 4018 et
895 3958 988 4037 pietas
1009 3963 1076 4024 nori

553 4037 647 4098 Vitmu
671 4038 791 4098 reddidit
814 4042 957 4104 omnihus.
1059 4080 1061 4085 ·

594 4120 756 4181 Clamorem
783 4124 909 4187 validum
934 4148 1066 4191 summus
1091 4131 1128 4190 alr
1148 4132 1273 4194 lletlrere

549 4205 729 4280 Languentis
752 4205 847 4267 Geniti
869 4210 893 4268 oi
915 4210 1003 4273 Peter
1023 4213 1131 4294 audiit,

550 4286 664 4344 Ploeari
687 4291 781 4367 potins
804 4290 952 4370 Sanguine
981 4298 1094 4374 deluit,

550 4366 588 4426 Et
607 4369 698 4428 notris.
713 4372 824 4430 verrium
848 4376 926 4435 dure.

593 4449 656 4507 Hoo
678 4451 848 4530 quicumque
869 4457 972 4517 stolam
1001 4463 1143 4537 sanguiue
1164 4471 1273 4545 proluit

547 4532 695 4610 Abstrrgit
717 4536 861 4609 muenlnsq
891 4551 918 4599 et
945 4561 1061 4603 roseum
1083 4546 1186 4626 deone,
