3750 5400
837 647 841 654 l

377 839 705 966 mperisruatntinioliei
726 884 946 967 perrtecostelisl,
966 884 1132 970 festivitatis
1152 886 1307 967 splendore
1327 885 1416 967 longe

376 972 482 1047 mollit,
504 971 545 1033 ita
566 970 613 1030 dio
636 970 767 1047 paschali
788 969 859 1030 illud
883 980 997 1049 tempos
1019 971 1093 1050 qood
1116 981 1144 1031 et
1172 989 1287 1043 sacrum
1311 981 1418 1033 tremo-

376 1076 409 1116 rm
433 1056 554 1117 incutiet
576 1066 604 1115 et
624 1056 660 1114 ud
683 1075 765 1133 spem
788 1055 926 1133 optimum
948 1055 1063 1116 animos
1085 1054 1198 1134 erigat,
1223 1065 1267 1116 est
1289 1054 1415 1137 primunr

378 1140 524 1216 luculum,
544 1139 633 1199 immo
648 1148 706 1198 toto
719 1158 793 1214 nox,
816 1139 922 1217 quippe
937 1160 1004 1199 cum
1027 1140 1126 1200 eodem
1141 1150 1341 1219 temporeque
1362 1159 1418 1200 no·

376 1223 401 1284 is
422 1226 558 1283 tenchrae
580 1224 678 1283 orhcrn
700 1224 835 1301 tegehmil
855 1221 990 1284 Christus
1012 1225 1134 1284 mortem
1155 1222 1272 1303 generis
1294 1224 1415 1286 hnmani

376 1318 460 1369 omem
486 1308 623 1369 invictum
653 1308 842 1384 prostraverit
868 1316 896 1366 ct
917 1308 1015 1369 tristes
1036 1308 1163 1387 sepulcri
1191 1309 1325 1369 tenebras
1345 1308 1415 1369 alre-

376 1398 433 1455 ·rit.
451 1403 460 1435 '-
487 1392 553 1452 lude
583 1392 668 1451 etiam
697 1393 802 1451 lacteum
832 1400 876 1450 est
904 1399 935 1451 nt
963 1402 1046 1453 retus
1076 1392 1199 1453 ecelesia
1227 1401 1339 1453 noctem
1361 1411 1415 1471 pa·

376 1475 477 1537 halem
501 1476 564 1537 suis
592 1473 709 1553 vigiliis
738 1475 912 1553 celebraret,
948 1495 1020 1555 quas
1055 1476 1169 1554 quidem
1198 1475 1331 1557 quisquis
1357 1495 1414 1557 pe-

376 1580 410 1622 us
439 1560 553 1639 pietatis
587 1579 659 1637 ergo
688 1558 836 1621 Christum
864 1560 982 1639 plenum
1011 1561 1097 1621 hahet
1124 1581 1180 1621 non
1211 1560 1315 1638 poterit
1344 1560 1414 1641 quin

376 1646 553 1723 chetatqoc
576 1644 682 1706 laudet.
726 1644 911 1722 Quapropter
932 1644 1016 1705 illum
1037 1644 1143 1705 ceteris
1165 1644 1306 1704 eeclesiae
1328 1664 1413 1706 usum

376 1726 484 1807 coporis
512 1727 619 1789 iniuria
647 1727 786 1789 amissum
815 1746 881 1788 esso
902 1746 1081 1807 magnopere
1110 1737 1137 1789 et
1155 1728 1286 1789 dolemus
1307 1737 1336 1787 et
1357 1728 1413 1789 mi·
1500 1754 1503 1764 ·

380 1832 457 1874 mur.
497 1813 572 1889 Quid
596 1810 671 1872 euim
693 1812 766 1890 qnod
784 1811 962 1891 vigilantius
984 1812 1034 1872 ille
1057 1812 1104 1890 qni
1124 1812 1285 1873 acerrimus
1308 1811 1338 1872 in
1366 1812 1412 1874 ri·
1524 1827 1532 1832 ·

377 1895 434 1957 lias
452 1897 563 1957 exstitit
582 1896 675 1957 hostis
697 1906 725 1955 et
748 1895 776 1954 iu
800 1914 851 1956 eas
873 1915 958 1956 caeco
972 1897 1070 1957 lurore
1091 1895 1221 1958 invectus
1243 1907 1301 1971 est,
1323 1917 1410 1976 anrm

376 1980 605 2041 unes·radieitus
632 1980 834 2058 exstirpandos
861 1980 1006 2040 censurerit
1034 1981 1187 2059 paschales
1216 1981 1312 2041 tamerl
1341 1998 1412 2043 san-

376 2063 604 2143 as‘iutaetasque
626 2058 762 2142 reliquit?
807 2061 863 2125 Vix
885 2075 981 2124 autem
1010 2062 1122 2124 tristius
1151 2064 1306 2144 quidquem
1334 2065 1412 2126 aeci-

376 2169 412 2208 re
439 2151 530 2227 potuit
550 2167 635 2226 qrrarn
660 2158 689 2207 ut
718 2147 852 2226 impietas
879 2149 1007 2209 humana
1035 2146 1120 2208 etiam
1150 2147 1179 2208 in
1206 2149 1262 2211 has
1292 2148 1411 2229 vigilias

376 2243 484 2313 reperet
506 2251 663 2311 currumque
691 2233 818 2292 ordinem
841 2251 898 2293 uon
921 2234 983 2291 siue
1006 2233 1142 2293 seandalo
1165 2234 1293 2293 turbaret
1319 2251 1417 2313 eaque,

380 2327 433 2379 usa
453 2325 497 2378 est
518 2338 570 2376 our
592 2316 712 2376 ccclesia
743 2316 822 2378 illius
855 2316 946 2377 noctis
969 2315 1096 2377 olllcium
1116 2317 1145 2377 in
1167 2315 1287 2378 Sehhoti
1310 2314 1411 2397 magni
1486 2351 1491 2362 ‹

376 2421 457 2481 napus
479 2400 649 2462 matertiuum
671 2400 861 2460 transtulerit:
892 2402 965 2481 quod
995 2422 1083 2480 quum
1115 2403 1177 2463 sinc
1205 2399 1411 2480 anticipatione

376 2487 467 2546 cadom
488 2484 653 2546 lestiritutis
668 2484 815 2563 paschalis
838 2481 899 2544 lieri
923 2505 980 2545 non
1003 2494 1118 2564 posset,
1140 2485 1236 2548 minus
1258 2496 1411 2547 consente-

376 2589 430 2630 rem
460 2570 581 2631 ridetur.
631 2569 685 2628 llla
713 2579 807 2628 autem
831 2568 879 2647 qrri
908 2568 993 2629 etiam
1018 2578 1117 2630 nostro
1146 2579 1275 2648 tempore
1304 2569 1332 2629 iu
1362 2588 1410 2629 ec-

376 2651 433 2715 csia
460 2653 594 2715 Romana
622 2652 729 2713 obtinet
756 2651 932 2714 caerimonia
965 2653 1286 2716 Resurrectionis
1320 2653 1410 2736 (Salo-

376 2750 409 2801 ,ιο
432 2748 531 2801 saneto
560 2738 689 2817 tompore
714 2735 878 2816 vespertino
910 2737 1011 2817 peragi
1039 2734 1138 2817 solita)
1174 2746 1201 2799 et
1229 2757 1302 2817 qnae
1331 2739 1408 2818 apnd

376 2822 575 2886 errnhutianos
605 2821 636 2883 in
663 2821 818 2881 cimeteriis
848 2820 942 2900 primo
971 2821 1098 2883 diluculo
1127 2821 1173 2883 dic
1198 2821 1329 2902 paschali
1355 2823 1410 2884 ha·

377 2918 445 2969 utor
470 2907 624 2969 conciones
652 2924 771 2978 sacrae,
810 2914 952 2986 uteunque
980 2927 996 2965 e
1029 2926 1062 2967 re
1092 2916 1174 2984 sunt,
1211 2917 1308 2968 tamen
1338 2905 1408 2968 mihi

379 2992 456 3052 idem
489 2990 689 3071 uullupueto
731 2988 868 3051 tantidem
909 2990 1007 3069 quanti
1044 2990 1165 3071 vigiliae
1207 2991 1276 3052 illae
1311 2990 1408 3053 valere

376 3077 482 3137 lentur.
597 3132 600 3137 .

424 3159 492 3222 Une
519 3156 760 3219 caerimoniarum
787 3156 867 3218 illius
895 3157 988 3218 noctis
1014 3166 1058 3218 est
1080 3155 1165 3220 Cerei
1188 3156 1336 3236 paschalis
1359 3156 1408 3237 qui

376 3254 461 3308 catur
484 3243 658 3315 Benedictio,
701 3240 747 3302 nx
770 3242 887 3321 epium,
916 3261 989 3321 qrras
1012 3251 1110 3321 patres
1132 3262 1189 3302 nou
1218 3243 1294 3303 male
1316 3240 1409 3321 virgi-

379 3331 423 3391 les
444 3329 603 3406 recaleant,
631 3344 697 3387 cera
720 3344 793 3404 pura
813 3325 988 3404 candidaque
1010 3325 1130 3386 candela
1151 3325 1300 3388 conficitur
1322 3337 1350 3387 et
1371 3343 1408 3386 ea

379 3415 454 3475 idom
484 3411 592 3486 maior,
622 3421 649 3471 et
677 3409 795 3489 gravior
818 3429 904 3488 quam
931 3430 984 3488 pro
1012 3409 1107 3470 solito.
1152 3411 1234 3472 Haec
1255 3420 1407 3490 postquam

376 3521 397 3561 ,o
424 3496 598 3565 candelabro
626 3494 848 3574 imposito'est,
885 3492 1031 3554 Diaeouns
1065 3494 1174 3553 aceedit
1209 3505 1240 3557 ut
1268 3494 1294 3554 ei
1323 3512 1407 3556 saera
1501 3499 1524 3537 -’

376 3582 465 3643 mula
487 3580 650 3640 benedicat..
690 3577 772 3639 Nono
794 3579 868 3657 quod
891 3587 1010 3638 vocetur
1030 3577 1139 3639 lumine
1161 3578 1249 3660 (qrrod
1278 3578 1408 3642 scintilla

397 3665 479 3727 silice
501 3664 625 3726 excitata
647 3663 795 3723 incensum
817 3671 902 3741 atque
924 3672 952 3722 et
973 3660 1069 3741 ipsum
1084 3681 1133 3721 ore
1152 3664 1323 3737 sacerdotali
1337 3682 1407 3724 eou-

376 3760 481 3813 rratum
504 3755 560 3827 cst)
582 3748 707 3827 primum
729 3746 839 3808 Cereus
867 3744 1015 3825 paschalis
1036 3745 1212 3824 incenditur,
1240 3747 1342 3813 deinde
1366 3766 1405 3807 ex

376 3856 394 3897 c
416 3829 554 3914 quotquot
576 3834 604 3893 iu
629 3832 737 3909 templo
757 3829 864 3895 domini
886 3840 954 3893 sunt
972 3831 1110 3892 candelae
1132 3832 1229 3894 lumen
1250 3831 1403 3911 occipiunt.

376 3939 449 3980 rcus
475 3929 572 3991 auteur
599 3915 761 3995 paschalis,
796 3924 826 3976 ut
855 3915 948 3976 trihus
974 3914 1070 3976 rerhis
1098 3915 1210 3994 dicam,
1246 3915 1404 3994 imaginem

376 4003 447 4065 tristi
469 4001 600 4068 crucifixi
624 3999 776 4078 exprimit,
801 3997 849 4078 qui
871 4000 1025 4085 uovaluce
1044 3998 1179 4063 omnihus
1200 3999 1247 4089 qni
1270 4001 1298 4059 ei
1318 3998 1403 4058 iidem

377 4090 445 4161 luent
473 4085 595 4165 allrrlget
626 4096 653 4144 et
682 4094 712 4143 ut
735 4085 877 4164 qrrondam
906 4083 985 4164 ignis
1011 4084 1144 4146 coelestis
1173 4104 1225 4162 per
1259 4084 1404 4161 desertum

376 4172 445 4254 pulo
458 4170 673 4245 lsraelitaruru,
693 4166 736 4230 sic
755 4168 839 4246 gregi
861 4188 914 4228 sno
932 4176 986 4246 'per
1007 4167 1082 4229 ritae
1103 4168 1279 4238 curriculum
1300 4166 1402 4226 ducein
1449 4204 1454 4211 ,

393 4248 522 4336 praehet.
565 4252 679 4314 Etenim
700 4272 767 4312 cera
787 4271 893 4330 eorpus
914 4250 1024 4313 Christi
1046 4272 1084 4311 ex
1107 4250 1265 4330 purissima
1285 4247 1401 4328 virgine

376 4349 535 4418 sumptum,
558 4337 638 4398 lilnm
661 4335 736 4396 cerci
765 4335 829 4396 eius
851 4336 998 4413 animam,
1026 4334 1143 4395 llamma
1161 4334 1339 4395 divinitatem
1362 4330 1404 4394 si-

376 4422 478 4485 ,ihcatc
491 4434 577 4505 porro
599 4422 724 4500 quinque
739 4416 882 4482 toramine
902 4438 986 4480 cerae
1005 4418 1149 4498 impressa
1172 4418 1293 4478 vulnera
1314 4415 1403 4478 Chri-

396 4507 426 4571 in
448 4526 534 4569 crrrcc
556 4505 691 4585 suspensi
715 4515 743 4564 et
764 4504 857 4566 thuris
875 4520 985 4584 grana,
1005 4501 1326 4581 letaminilroeiuiecta,
1348 4521 1401 4561 uu·

380 4603 447 4679 enta
469 4592 576 4675 quihus
603 4587 715 4655 Christi
743 4609 851 4672 corpus
878 4598 1033 4670 autequam
1058 4587 1229 4670 sepeliretur
1255 4586 1403 4651 inondum
