3750 5400
1271 787 1292 817 .’
1365 783 1391 822 δ

419 852 531 918 mosao
552 875 578 919 o.
599 854 651 918 20.
673 855 818 937 integrum
840 876 958 920 carmon
979 878 998 920 o
1019 857 1202 938 Telesphoro
1232 875 1300 920 esse
1323 858 1492 935 rosiertoro,

420 941 496 1018 qaod
509 960 567 1002 aon
582 939 620 1000 ito
633 942 793 1004 verisimile
808 953 852 1004 est
870 954 899 1004 at
915 944 1002 1004 lirrile
1016 941 1093 1004 credi
1109 945 1210 1023 possit.
1239 942 1382 1004 Libenter
1394 963 1491 1004 corross

418 1025 473 1101 do,
496 1026 710 1105 'l'elrsplrornm
727 1027 850 1105 primam
865 1029 957 1090 luisse
972 1028 1020 1107 qoi
1036 1028 1139 1088 vorlro:
1161 1026 1300 1088 Gloria
1320 1025 1357 1088 in
1371 1028 1492 1090 excel·

420 1108 478 1169 sis
506 1109 583 1171 lleo
617 1122 652 1171 et
679 1112 714 1172 in
744 1122 848 1173 terra
869 1130 940 1191 pax
965 1109 1188 1174 h'omiailros‘
1213 1113 1490 1174 loonaerolaa·

421 1194 568 1257 latisin
583 1195 678 1256 Missa
701 1194 810 1257 cantori
832 1196 966 1269 iusserit3
988 1198 1023 1257 tls
1045 1197 1081 1257 iis
1095 1215 1169 1276 qrroo
1183 1196 1435 1274 seqoootornilril
1457 1196 1490 1257 li·

419 1287 465 1338 cet
486 1280 627 1341 concludi.
654 1280 799 1341 Maiorem
829 1281 914 1341 ficem
942 1280 1033 1359 igitar
1062 1290 1189 1343 meretor
1210 1280 1354 1342 alcoinus
1376 1282 1413 1340 cle
1434 1281 1487 1347 tir.

420 1361 523 1441 otto,
544 1363 591 1444 qoi
614 1364 827 1445 a'l'elespitoro
848 1381 965 1427 carmen
980 1385 1070 1447 nsque
1092 1367 1127 1426 art
1149 1367 1253 1442 terlio:
1274 1363 1488 1428 Laudamus

418 1458 454 1509 tr
467 1449 675 1528 rorrrpositorn,
697 1449 913 1510 rootrroarldito
928 1469 994 1510 csse
1017 1449 1087 1510 dicit
1099 1469 1117 1509 ιι
1130 1450 1162 1511 S.
1177 1448 1291 1509 Hilario
1304 1447 1489 1511 Pistorienai.

413 1533 535 1598 Similia
548 1544 674 1593 statuere
687 1534 818 1593 videntur
833 1534 888 1595 ioro
902 1534 1049 1595 Patres'io
1058 1533 1189 1594 Goorilio
1202 1533 1348 1596 Toletano
1364 1553 1488 1614 congro-

342 1623 346 1630 '
418 1619 479 1697 goti
504 1629 606 1697 optorto
628 1637 736 1678 rooooe
756 1619 940 1678 ‹tuoto-toro:
962 1619 1023 1695 „Et
1046 1618 1096 1678 ille
1117 1619 1243 1697 hymnus
1263 1637 1348 1698 qoem
1371 1628 1441 1679 noto
1459 1618 1487 1678 ia

418 1721 506 1764 carna
535 1704 651 1765 Christo
687 1704 784 1774 oracli
815 1701 997 1779 corineroot,
1033 1703 1167 1765 Gloria
1195 1736 1235 1748 -
1270 1701 1487 1788 ¹volontatip

416 1787 570 1868 angelicas
591 1798 644 1849 est.
687 1788 811 1866 Reliqua
827 1807 900 1866 qaae
922 1788 961 1848 iot
975 1800 1133 1867 scortantur
1153 1772 1341 1850 ecelesiastici
1355 1788 1485 1848 «tortores

416 1882 647 1951 composnerunt.
691 1872 771 1951 Ergo
802 1891 855 1932 nec
881 1871 937 1950 ipsi
960 1874 989 1932 io
1012 1872 1135 1932 ecclesia
1163 1871 1283 1932 raneorli
1305 1882 1391 1949 suot,
1421 1871 1485 1951 qaia

382 1953 386 1958 ’
415 1955 445 2016 in
468 1969 633 2016 sanctorum
655 1956 864 2036 scripturarum
884 1956 957 2019 locis
983 1978 1039 2017 noo
1069 1957 1253 2017 inveniuntur
1281 1989 1323 2001 -
1345 1990 1391 2000 —
1413 1957 1484 2017 sirot

348 2047 355 2070 '
415 2038 507 2120 igitar
527 2040 673 2101 orationes
695 2041 735 2100 ito
757 2053 783 2101 ct
805 2042 929 2120 try-onos
956 2041 985 2102 in
1008 2042 1121 2101 lororlem
1143 2040 1196 2102 Dei
1218 2041 1397 2119 compositos
1418 2040 1483 2102 not-

415 2125 463 2186 lus
484 2135 648 2185 nostrorum
673 2125 792 2186 alterins
814 2125 988 2204 improbet.“
1041 2126 1102 2185 Ncc
1131 2125 1206 2186 roole
1234 2125 1368 2184 convenit
1389 2136 1485 2198 trono·

414 2207 534 2270 lotionis
563 2209 670 2270 latione
697 2209 808 2270 indoles
835 2208 921 2268 aetoli
951 2209 1073 2271 Hilarii:
1109 2230 1175 2269 trono
1208 2210 1281 2289 «poros
1316 2213 1351 2267 rte
1379 2210 1486 2289 spirito.

414 2304 513 2354 amicto
542 2294 639 2353 addito
667 2307 750 2369 sont,
788 2294 860 2353 satis
889 2314 1035 2374 superque
1067 2296 1283 2371 demonstrant,
1318 2287 1481 2370 ecclesiam,

412 2375 466 2456 illo
487 2392 615 2456 tempore
636 2377 964 2439 Poeamatomacltorom
991 2379 1116 2439 mollitos
1137 2381 1279 2440 torlootam
1309 2377 1339 2440 in
1360 2398 1396 2437 eo
1418 2399 1481 2439 ror·

339 2534 344 2541 ,
414 2473 508 2524 samm
531 2482 612 2539 osse,
635 2472 666 2522 ot
693 2463 852 2524 doctrinam
874 2462 909 2522 tle
940 2464 1044 2543 spirito
1066 2463 1233 2525 accuratius
1251 2472 1413 2543 exponeret
1435 2461 1507 2524 vel·

412 2542 564 2625 πνεύματι
586 2565 671 2625 pares
700 2568 766 2608 rom
790 2559 870 2627 patre
894 2557 925 2607 *et
949 2547 1007 2607 lilio
1036 2548 1161 2610 honores
1183 2542 1340 2611 tribueret.
1384 2549 1479 2628 latqoe

297 2669 303 2682 ι
359 2621 363 2628 ’
390 2641 468 2693 'aaa
490 2650 688 2713 repugnamus
710 2632 834 2692 Beroooi
857 2631 904 2712 qoi
927 2630 1134 2713 Syromtttlntm
1157 2631 1319 2713 pontificem
1348 2632 1382 2714 (†
1404 2631 1481 2714 514)

411 2727 502 2779 totam
526 2736 641 2779 carroco
663 2718 752 2778 crrltoi
781 2718 877 2780 olicino
908 2716 937 2777 in
966 2718 1067 2777 rliolors
1094 2717 1253 2778 Dominicis
1282 2728 1310 2778 ct
1332 2716 1480 2783 Natalitiis

411 2812 570 2882 martyrum
596 2803 771 2865 orloexoisse
793 2812 930 2867 ootrrroat.
975 2802 1057 2878 Qootl
1080 2821 1215 2862 servasse
1244 2802 1382 2880 violentos,
1405 2801 1478 2862 Gre-

411 2887 544 2966 porion»,
567 2887 595 2946 in
618 2887 843 2964 Socromootorii
872 2887 991 2945 exordio
1013 2888 1084 2947 liaeo
1107 2887 1267 2946 iolrrotorot
1293 2887 1351 2959 „lo
1375 2887 1476 2965 primis

293 3028 298 3035 .
384 2970 445 3031 ,ιιιΙ
469 2969 617 3031 lotroitoro
635 2972 820 3050 antiphona,
845 2971 940 3048 qualis
960 2972 1046 3031 fucrit
1068 2970 1394 3050 stototisteroporilras,
1415 2969 1477 3030 sive

412 3056 513 3124 diebos
550 3056 651 3131 listis,
680 3078 730 3116 sco
767 3056 949 3136 quotidianis,
1006 3055 1117 3115 Driorle
1152 3055 1269 3134 Kyrie
1308 3050 1476 3120 Eleisoo'.¹

409 3140 479 3201 ltem
503 3138 607 3201 (licitur
629 3141 760 3202 Gloria
785 3142 819 3201 io
842 3140 1022 3201 Exrtolsis
1042 3141 1127 3205 lleo.
1172 3139 1211 3198 S'r
1228 3141 1391 3218 Episcopus
1414 3141 1476 3200 loo·

408 3225 465 3303 rit,
488 3226 529 3308 (in
553 3226 620 3287 aliis
636 3225 724 3288 Codrl.
748 3226 925 3306 oll'ocrit)
950 3227 1144 3285 tootornmotlo
1167 3223 1390 3285 DieDomiaica
1411 3225 1473 3285 sira

407 3311 509 3372 rlielros
531 3311 623 3378 lestis.
664 3309 889 3392 Aprcsloytoris
915 3311 1012 3371 anterii
1042 3309 1159 3370 minime
1180 3308 1299 3387 dicitur,
1331 3307 1388 3369 nisi
1410 3310 1473 3370 solo

359 3399 364 3407 '
407 3394 438 3457 in
459 3394 583 3458 Pascha.
626 3396 747 3473 Quando
771 3416 838 3457 roro
860 3394 977 3456 Litania
1003 3395 1119 3473 agitor,
1148 3412 1240 3473 neque
1269 3392 1407 3455 Gloria
1436 3393 1472 3453 ia

405 3478 589 3543 Excelsis
611 3480 687 3540 Deo
708 3501 800 3558 oeque
820 3479 992 3542 Alleluia
1014 3478 1158 3542 sortitor.“
1201 3477 1341 3540 Hieuscs
1362 3479 1400 3539 olo
1422 3477 1472 3539 illo

311 3614 315 3619 .
404 3562 452 3641 qai
474 3583 551 3623 nono
571 3563 650 3642 riget
670 3564 784 3624 oliooos
803 3565 915 3626 Romae
939 3565 976 3625 ac
1005 3562 1188 3625 andecimum
1210 3583 1301 3644 osqoc
1321 3562 1472 3626 saeculam

401 3646 599 3729 permansisse
622 3647 742 3708 viderur.
756 3645 789 3729 a)
1144 3678 1146 3683 ·
1435 3648 1437 3652 ’
1489 3655 1493 3664 ’

376 3783 710 3811 ..μσ--ι--α

403 3898 405 3905 ,
473 3845 500 3914 *)
519 3851 683 3917 Dignissinra
702 3861 763 3901 sunt
778 3868 847 3918 quae
860 3852 978 3901 virorum
991 3850 1131 3902 doctorum
1149 3853 1178 3902 in
1194 3871 1223 3904 se
1236 3863 1341 3904 vertant
1354 3853 1467 3917 animos,

305 3936 311 3947 ‘
355 3966 361 3976 ,
403 3919 485 3973 verba
500 3935 570 3988 quae
586 3919 673 3968 llerno
687 3919 828 3985 Angioosis
844 3918 862 3967 l.
876 3919 895 3969 l.
915 3931 1006 3970 contro
1019 3921 1088 3970 loono
1100 3923 1238 3972 Romanae
1253 3921 1384 3973 ecclesiae
1399 3941 1468 3973 con-

402 3988 573 4043 suetudinem
595 3987 696 4055 profert
711 3989 738 4036 in
752 3985 885 4037 medium:
909 3988 986 4037 Nunc
1001 3989 1087 4056 stylus
1101 3989 1135 4038 ad
1149 3989 1308 4041 movendam
1327 3992 1468 4057 quaestio-

402 4077 464 4112 nem
483 4076 541 4109 sese
558 4067 660 4121 vertat,
679 4053 711 4105 ad
731 4073 810 4122 quam
829 4065 905 4126 totus
920 4057 1047 4106 hactenus·
1065 4050 1278 4108 sermofhabirus
1296 4057 1465 4122 intendebat,

401 4127 543 4191 videlicet,
569 4143 617 4176 cur
641 4143 696 4175 non
716 4125 796 4174 liceat
814 4125 887 4173 omni
906 4123 951 4174 die
968 4125 1114 4176 Dominioo
1139 4126 1184 4176 vel
1200 4126 1330 4176 natalitiis
1348 4125 1466 4177 Sancto-

401 4213 476 4258 rum,
502 4195 675 4265 presbyteros
693 4192 770 4243 illurn
788 4192 918 4259 hymnum
940 4210 1051 4256 canere,
1070 4213 1149 4260 quem
1172 4207 1235 4245 nato
1259 4197 1386 4247 incarne
1405 4196 1465 4246 Do-

401 4264 476 4313 mino
489 4262 613 4329 Angelici
626 4264 756 4325 cecinere,
778 4260 914 4310 dicentes:
934 4260 1026 4311 Gloria
1045 4268 1072 4310 in
1092 4263 1204 4312 excelsis
1218 4263 1278 4314 Deo
1298 4275 1349 4314 etc.
1386 4261 1465 4331 Quod

400 4333 422 4381 si
443 4349 596 4382 concessum
615 4343 656 4381 est
674 4331 749 4380 illum
768 4339 875 4378 cantare
892 4329 921 4376 in
935 4326 1035 4378 Pasclra
1054 4330 1200 4380 secundum
1219 4332 1463 4400 praetitulationem

400 4397 528 4456 Illissolis,
551 4418 603 4449 non
618 4399 701 4449 multo
722 4400 807 4447 minus
826 4397 928 4447 licitam
948 4408 1013 4462 puto
1032 4400 1061 4446 in
1079 4401 1220 4450 nativitate
1234 4401 1355 4463 Domini,
1374 4419 1462 4467 quan-

401 4464 438 4516 do
455 4470 571 4534 primum
590 4469 681 4536 coepit
700 4466 785 4516 audiri
805 4465 838 4514 ab
857 4465 1010 4515 hominibus
1028 4467 1058 4514 in
1078 4469 1164 4529 terris,
1186 4469 1303 4534 qualiter
1321 4469 1355 4519 ab
1368 4472 1462 4534 Ange-

399 4532 433 4583 lis
453 4535 599 4585 canebatur
622 4536 650 4583 in
669 4535 761 4586 coelis.
801 4532 941 4584 Proferant
963 4533 1172 4585 contradictores
1191 4540 1219 4585 in
1237 4535 1370 4601 merlinus,
1397 4537 1461 4586 ubi-

397 4619 460 4653 nam
478 4603 513 4654 sit
530 4621 545 4654 s
564 4604 662 4654 sanctis
681 4603 819 4666 Patribus,
844 4601 890 4655 rel
906 4601 940 4654 ab
964 4601 1024 4670 ipso
1049 4605 1216 4658 sanctissimo
1238 4605 1312 4675 Papa
1330 4606 1460 4672 Gregorio
