3750 5400
829 648 1036 761 Van

616 861 619 868 '
709 864 739 927 3.
755 863 818 927 Ave
838 879 947 945 mansa
967 866 1047 927 rertni
1069 863 1227 942 summis
1342 909 1349 920 .

751 947 846 1011 Maris
867 960 984 1029 portus,
1008 950 1125 1031 signnm
1146 946 1245 1027 dumi,

750 1037 921 1095 Aromatnm
941 1035 1025 1113 virga
1047 1035 1136 1114 lumi,

751 1118 928 1196 Augclnrem
949 1120 1081 1182 domina:

753 1202 975 1282 Supplicamuse
998 1225 1051 1265 uos
1073 1206 1209 1279 eruenda,

648 1343 657 1369 ,Α
748 1287 925 1349 Emendatos
944 1308 997 1349 nos
1019 1291 1187 1349 commenda

751 1370 819 1431 'luo
840 1383 925 1451 nato,
947 1373 982 1433 ad
1005 1374 1136 1435 habenula

750 1453 935 1535 Sempitema
957 1458 1073 1537 gandia.

919 1612 1066 1625 ---

401 1685 405 1700 ⁸
548 1711 630 1773 Haec
656 1709 755 1770 leone
780 1706 916 1788 ¹llirginis
944 1708 1087 1786 laudatio,
1114 1708 1184 1772 inuio
1210 1674 1298 1771 aelati
1326 1727 1363 1770 ex
1390 1687 1462 1771 cod.
1479 1710 1530 1772 Μ.

464 1797 514 1861 14.
536 1812 639 1857 norma
653 1796 812 1872 adscripta,
834 1814 900 1854 cum
921 1802 949 1853 ct
970 1793 1102 1874 publicae
1122 1804 1150 1855 et
1172 1793 1300 1874 privatae
1321 1791 1463 1853 devotioni
1480 1793 1529 1853 in·

463 1881 600 1954 serviret,
623 1879 652 1939 in
666 1878 748 1939 libris
763 1876 907 1957 liturgicis
927 1891 954 1938 et
968 1878 1101 1941 asceticis
1115 1876 1187 1940 satis
1200 1889 1244 1939 est
1257 1880 1368 1940 crebra.
1410 1877 1529 1940 Trans-

464 1965 601 2028 latinnem
628 1961 831 2025 Germanicam
861 1982 899 2023 ex
928 1963 1052 2024 Hortulo
1080 1963 1194 2024 atrimae
1221 1960 1384 2024 Basileensi
1405 1979 1423 2021 a
1444 1963 1529 2025 1520

463 2048 635 2129 descriptam
657 2047 748 2109 halles
769 2047 844 2125 apud
860 2045 1057 2127 Wackernag.
1079 2070 1107 2128 p.
1128 2048 1205 2111 663:
1227 2046 1431 2108 Das.Wort
1450 2046 1528 2107 Arc

463 2135 551 2195 lund
573 2137 642 2194 unns
663 2132 799 2209 singen
824 2132 891 2191 das
921 2141 986 2211 gut
1016 2131 1067 2192 ist
1096 2132 1166 2193 und
1195 2139 1283 2194 siiss
1312 2132 1395 2194 thnt
1421 2129 1529 2190 klin-

462 2239 534 2299 gsn
553 2215 651 2295 erest)
693 2214 818 2276 Carmen
838 2214 1018 2291 irrisorium,
1046 2216 1075 2277 in
1104 2215 1163 2278 riui
1186 2216 1301 2277 laudem
1323 2215 1529 2295 compositum:

465 2314 561 2364 Vineam
580 2315 671 2363 bonum
689 2322 713 2361 et
734 2329 812 2359 suane
830 2310 884 2362 tic·
906 2301 971 2363 risle
990 2300 1020 2360 in
1042 2307 1110 2363 lom.
1132 2301 1154 2363 l.
1176 2322 1205 2379 P.
1229 2302 1302 2363 282.
1316 2334 1366 2348 ·—
1390 2302 1418 2362 l·
1438 2298 1528 2376 EX,

462 2385 530 2450 12:
548 2377 663 2447 versatur
680 2383 811 2457 intenrpilo
829 2397 907 2445 Deus.
942 2384 1012 2445 ΜΛ
1035 2396 1065 2452 Lu
1088 2414 1138 2445 uno
1162 2406 1187 2444 et
1210 2397 1295 2445 eodem
1320 2394 1430 2445 instanti
1451 2405 1530 2462 poci*

462 2491 540 2539 quum
562 2471 657 2520 Maria
683 2488 828 2519 eonsensum
851 2471 969 2520 adhibuit
996 2471 1076 2520 verbis
1093 2470 1197 2540 angeli,
1212 2470 1299 2539 saeta
1316 2482 1354 2520 est
1373 2473 1400 2520 r’n
1417 2489 1448 2519 ea
1465 2481 1529 2520 sta-

462 2544 509 2592 tim
529 2540 708 2606 perspiritum
727 2551 844 2587 eane-tum
862 2540 998 2607 sanguinis
1021 2541 1188 2608 congregatio
1212 2552 1235 2587 et
1253 2541 1333 2607 ipsius
1356 2538 1526 2590 consolidatio

361 2623 364 2630 '
463 2627 487 2665 et
512 2614 621 2679 corporis
647 2612 740 2662 Christi
761 2612 900 2682 formatio·
942 2604 997 2670 Ad.
1023 2601 1166 2682 lilium,
1196 2603 1299 2683 rellqttl
1327 2605 1426 2667 lilla.
1477 2605 1527 2666 Ex
1597 2623 1601 2632 ⁴

345 4670 350 4679 a

395 4762 399 4771 ι

462 2687 515 2751 illa
536 2684 668 2764 licentia,
697 2705 783 2766 qnam
812 2686 891 2749 illius
919 2689 983 2749 aeri
1005 2688 1139 2752 homines
1174 2688 1231 2751 sibi
1254 2689 1413 2770 sumpsisse
1443 2685 1529 2750 noei-

462 2793 545 2850 mns‚
582 2780 666 2851 poeta
695 2780 811 2850 propter
848 2767 1078 2852 ὁμοιοτέλεντον
1112 2770 1217 2836 noram
1249 2784 1334 2854 atque
1369 2774 1528 2836 inauditam

462 2877 562 2920 Vocem
583 2854 752 2917 sibixfirnxit.
802 2856 855 2922 Tr.
877 2877 983 2936 gerim:
1005 2868 1085 2917 ‹larclr
1108 2866 1212 2918 welches
1229 2869 1286 2917 Ave
1306 2887 1383 2937 grues
1401 2867 1528 2936 empfann

460 2962 512 3014 gere
529 2944 575 2991 lat
593 2943 635 2991 elie
651 2941 795 3010 israelefrow
812 2945 865 2993 reia
884 2943 1056 3012 empfongen‚
1080 2962 1128 2993 von
1153 2945 1209 2994 dem
1230 2952 1323 2992 stamm
1343 2944 1432 2992 David
1457 2942 1527 3011 anf-

461 3036 585 3085 gongen,
612 3015 663 3084 lr'lg
683 3018 710 3066 r'n
728 3019 821 3068 d'o'rnen
838 3018 1012 3070 minnicllict.
1047 3010 1077 3074 3.
1105 3009 1148 3077 Μ,
1177 3009 1227 3072 14.
1256 3007 1362 3088 regis
1384 3007 1528 3073 summi.

462 3087 654 3152 Muses'vidit
673 3090 791 3152 tremum
812 3092 930 3169 ardere,
956 3111 1016 3153 non
1037 3093 1139 3173 exuri,
1169 3094 1243 3172 quod
1264 3091 1438 3173 significarit
1458 3094 1528 3155 Ma·

528 3291 561 3359 *)
578 3294 729 3346 Memorato
745 3294 856 3361 dignum
874 3306 914 3346 est
931 3314 1055 3360 carmen,
1074 3297 1148 3366 quod
1160 3295 1402 3364 Wackernagelius
1419 3315 1450 3365 p.
1462 3295 1524 3349 660.

463 3380 498 3413 ex
510 3361 569 3415 MS.
588 3362 806 3430 argentoratensi
819 3381 856 3415 sc.
872 3364 937 3416 XV.
948 3365 1094 3418 lectoribus
1107 3369 1322 3419 communicavit.
1346 3365 1527 3432 EstSequeu-

461 3432 499 3479 tiu
518 3448 597 3511 supnp
614 3433 720 3500 posita,
747 3432 795 3482 sed
812 3431 898 3482 latino
923 3443 950 3483 et
967 3439 1118 3501 germanico
1137 3452 1259 3488 sermone
1277 3436 1344 3486 mire
1362 3446 1474 3486 consuta
1498 3445 1526 3486 at

463 3510 658 3549 consarcinata.
685 3548 688 3555 ,

463 3599 488 3649 1.
502 3598 554 3646 Ein
571 3598 681 3648 verbum
699 3597 799 3648 honum
815 3596 871 3646 und
889 3570 971 3650 suune
1012 3599 1039 3651 4.
1054 3600 1131 3668 Aue,
1153 3600 1276 3652 dsuunen
1291 3603 1446 3671 protulisti,

420 3728 424 3735 .
496 3664 563 3714 send
581 3664 623 3714 dir
641 3677 702 3731 got,
724 3665 873 3715 dzheisset
893 3684 951 3728 aue,
1048 3686 1113 3733 aue,
1131 3671 1234 3735 jhesum
1252 3674 1381 3737 genuisti,

497 3732 617 3782 zehande
629 3745 698 3783 wert
710 3731 746 3781 dn
760 3745 820 3798 gouz
833 3734 970 3800 conclave,
1047 3736 1119 3788 diser
1135 3739 1218 3789 welte
1236 3741 1374 3790 contulisti

495 3812 597 3864 muter,
616 3818 676 3868 anag
694 3812 720 3850 et
737 3799 802 3851 lilia.
1046 3805 1127 3857 leben
1145 3805 1201 3856 und
1217 3808 1370 3876 imperinm.

462 3920 488 3969 2.
502 3918 545 3967 Da
562 3920 638 3969 mitte
655 3918 774 3970 wundest
791 3920 909 3983 saluata,
1013 3921 1038 3976 5.
1050 3924 1125 3987 Aue,
1145 3942 1243 3991 sponsa
1260 3927 1337 3977 verbi
1354 3928 1465 3992 summi,

496 4005 557 4037 vom
576 3988 671 4054 helgen
689 3989 772 4054 geiste
790 3988 963 4052 fecundata‚·
1048 4005 1150 4043 aromut
1168 4026 1207 4044 ...
1286 3995 1371 4050 fumi.
1430 3992 1432 3999 '

495 4074 549 4106 uon
568 4057 629 4107 herr
646 4055 881 4108 dauitzstammen
898 4070 970 4124 nuta,
1047 4073 1109 4128 port
1129 4060 1175 4111 des
1195 4081 1294 4123 meres,
1316 4065 1422 4128 signum
1449 4063 1523 4117 dumi

495 4143 532 4177 on
550 4122 634 4177 tlorue
648 4124 709 4177 sind
727 4124 773 4175 din
791 4126 858 4177 lilia.
1046 4129 1102 4181 und
1122 4128 1171 4180 den·
1188 4131 1267 4197 angel
1284 4131 1401 4183 domina.

462 4244 488 4296 3.
502 4242 577 4309 Aue,
597 4254 683 4296 muter
702 4245 861 4309 salomonis,
1011 4244 1035 4298 6.
1050 4248 1111 4297 Nun
1140 4247 1246 4298 hittend
1278 4250 1331 4300 wir
1360 4248 1438 4316 dich,
1472 4272 1523 4306 vns

1282 4317 1393 4368 emenda

495 4391 594 4448 iunget,
613 4382 725 4453 scheper
742 4378 884 4450 gedeonis,
1046 4382 1094 4433 dar
1118 4384 1203 4449 mach,
1235 4397 1335 4451 muter,
1364 4355 1413 4438 vni
1445 4380 1524 4443 oom-

1283 4455 1396 4519 menda,

496 4515 540 4568 die
559 4515 627 4586 dryg
641 4517 731 4585 kiinge
748 4519 833 4571 tribus
851 4510 929 4572 donis
1047 4518 1137 4570 dinem
1154 4519 1239 4571 kinds
1259 4523 1417 4576 adhabeutla

492 4585 589 4638 labent
603 4589 787 4657 puerperium.
1046 4606 1140 4660 yemer
1157 4591 1228 4658 eurig
1243 4591 1349 4658 gandia.
