3750 5400
732 721 736 728 ·
860 678 985 768 ,855

522 895 524 904 ‚
551 859 616 932 Quo
646 856 695 917 liat
724 855 829 919 similis
859 857 992 937 protinus
1014 858 1159 938 Angelis,

553 942 590 1002 Et
613 941 688 1021 Regi
712 941 841 1020 placeat,
864 942 952 1022 eupit.
1226 961 1232 968 ·

592 1027 715 1090 Arerto
739 1024 885 1088 innabilis
905 1026 1019 1088 tramite
1040 1024 1224 1104 postmodum

551 1108 591 1167 Se
611 1109 711 1170 nullus
733 1111 877 1181 retrabat3
895 1126 977 1172 meta
998 1114 1049 1172 sed
1072 1109 1173 1178 ultima

549 1192 721 1271 'longatum
744 1194 849 1253 tribuet
869 1195 966 1255 nobile
986 1193 1166 1275 praemium,

552 1276 608 1351 Qui
633 1297 751 1338 rursum
773 1276 854 1338 Deus
875 1278 1004 1342 adiurat.
1054 1351 1056 1356 Ι

594 1360 686 1420 Nobis
705 1361 848 1439 propitius
870 1361 912 1422 sis
934 1362 1057 1423 Genitor
1075 1371 1195 1438 potens,

551 1443 590 1504 Ut
612 1464 685 1521 quos
708 1444 860 1523 Unigenae
881 1444 1037 1524 Sanguine
1058 1444 1129 1505 Filii

405 1603 410 1614 st
551 1527 674 1603 Emisti,
695 1537 723 1588 et
746 1529 861 1607 placido
882 1528 1000 1591 llamine
1022 1548 1154 1607 reereas,
1252 1565 1254 1571 s
1297 1571 1300 1575 -

464 1658 467 1661 -
554 1610 635 1673 Coeli
658 1613 693 1672 ad
717 1612 844 1675 eulmina
866 1615 1038 1679 transieras.
1081 1612 1184 1680 Amen.

863 1767 1011 1777 ..ι--ο-η

859 1843 1017 1939 auara.

825 2013 878 2077 De
900 2016 1024 2079 eadem.
1041 2017 1055 2046 *

400 2154 448 2214 lra
470 2150 546 2212 iusta
566 2149 748 2228 conditoris,
850 2191 853 2196 «
961 2149 987 2211 0
1008 2147 1147 2211 scientiae
1168 2167 1313 2228 supernae

400 2237 497 2299 imbre
517 2252 659 2315 aquarum
681 2233 810 2314 uindice,
880 2229 890 2236 “
962 2234 1089 2296 Altitudo
1112 2233 1269 2312 impervia!

402 2320 599 2381 criminosum
620 2318 723 2379 mersit
745 2317 866 2393 Orbem,
960 2320 987 2380 O
1009 2318 1139 2381 suavitas
1161 2317 1278 2398 benigni

400 2405 465 2465 Noe
487 2403 517 2464 in
539 2405 615 2464 Area
635 2402 758 2481 sospite:
959 2403 1157 2465 Praediuanda
1178 2402 1321 2483 pectoris!

401 2484 482 2563 Mira
502 2489 615 2547 tandem
640 2486 686 2546 ris
707 2484 817 2547 amoris
959 2486 1071 2546 Servus
1093 2496 1155 2545 erat
1176 2497 1268 2546 morte
1290 2485 1415 2563 dignus,

378 2563 489 2634 ‘Lavit
509 2572 617 2633 Orbem
639 2568 800 2649 Sanguine.
960 2569 1029 2631 Rex
1052 2570 1104 2630 luit
1127 2588 1248 2647 poenam
1271 2570 1407 2647 optimus.

401 2739 481 2800 'Pam
503 2733 615 2797 salubri
635 2741 713 2795 terra
734 2735 809 2796 felix
962 2736 1086 2813 Quando
1106 2733 1201 2814 eulpis
1222 2754 1413 2815 provocamus

400 2823 529 2900 irrigata
548 2817 667 2898 pluria,
962 2816 1111 2881 Ultionem
1133 2818 1257 2896 ludieis,

400 2911 477 2969 Ante
499 2901 594 2982 spinis
616 2920 689 2979 quae
711 2903 857 2977 scatebat,
964 2903 1051 2965 Tune
1071 2904 1214 2981 loquentis
1236 2911 1425 2984 protegamur
1453 2960 1455 2966 .

401 2988 585 3050 Gurrminarit
606 2986 756 3047 flosculos:
910 2982 913 2991 '
964 2987 1127 3067 Sanguinis
1149 2986 1332 3067 praesentiae
1508 2986 1510 2991 ’

401 3074 491 3152 inque
512 3070 637 3133 nectaris
659 3090 793 3150 saporem
832 3084 837 3093 '
964 3071 1162 3152 ingruentiam
1183 3072 1327 3134 malorum
1401 3118 1405 3133 i

401 3155 561 3218 Transiere
583 3156 738 3217 absinthia.
964 3157 1052 3217 Tune
1072 3156 1207 3217 recedant
1225 3156 1355 3238 agmina

403 3323 503 3384 'l'riste
528 3323 661 3402 protinus
682 3343 824 3386 venenum
966 3323 1012 3395 Te
1033 3316 1199 3403 redemptus
1220 3323 1318 3385 laudet
1340 3322 1427 3385 Orbis

402 3408 494 3469 Diras
514 3406 621 3488 anguiis
644 3411 751 3486 posuit,
965 3409 1057 3470 Grata
1078 3427 1200 3470 servans
1222 3428 1362 3484 munera,

402 3492 441 3554 Et
463 3502 581 3554 eruenta
603 3491 763 3554 belluarum
965 3492 1115 3554 Osalutis
1134 3491 1328 3569 sempiternae

401 3576 498 3637 Desiit
520 3577 665 3650 leroeias¹
964 3574 1052 3656 Dux,
1075 3585 1103 3636 et
1124 3586 1226 3637 anetor
1247 3576 1371 3656 inelyte,

402 3658 486 3722 Mitis
508 3662 587 3741 Agui
610 3658 753 3726 ruinerati
964 3659 1023 3736 Qui
1046 3670 1127 3720 tenes
1148 3660 1353 3739 beata'regno'

403 3743 484 3807 Haeo
505 3746 560 3807 init
580 3743 712 3808 victoria.
963 3743 1039 3806 Oum
1051 3746 1186 3824 Parente,
1204 3752 1233 3809 et
1244 3743 1365 3825 Spiritu.
1378 3749 1482 3812 Amen.
1516 3802 1520 3815 ,
1592 3763 1599 3778 ·

875 3998 1015 4071 XXXV.

841 4143 895 4209 De
925 4126 1049 4209 eadem.

407 4285 526 4347 Salvete
547 4278 659 4344 Christi
681 4280 801 4343 uulnera
811 4327 823 4357 ‚
975 4283 1073 4342 Nitore
1095 4278 1197 4340 stellas
1219 4278 1351 4357 uincitis,

405 4367 544 4429 immensi
568 4366 679 4431 amoris
702 4367 842 4446 pignora,
927 4374 930 4379 ’
969 4364 1068 4427 Rosas
1091 4365 1194 4440 odore,
1217 4373 1245 4424 et
1267 4365 1412 4444 balsama,

407 4451 521 4527 Quibus
544 4470 687 4531 perennes
706 4450 792 4512 rivuli
969 4449 1067 4512 Pretio
1091 4447 1209 4527 lapillos
1231 4446 1358 4523 inalieos,

407 4536 531 4598 Manent
552 4535 683 4598 rubentis
704 4533 875 4639 Sanguinis.
970 4533 1071 4595 Multis
1091 4533 1174 4595 savos
1195 4532 1355 4681 ιὲιιὲυὶᾱὶιιιη
