3750 5400
883 667 983 752 m

400 847 505 912 fiducia
526 846 562 928 al
583 842 758 926 supplicium
782 845 866 927 quael
891 849 929 909 nul
958 846 1062 936 epulas
1089 857 1296 914 “mucules
1322 787 1396 913 voto
1422 865 1471 932 prr

400 934 528 996 ambitos
560 932 722 1012 pluteorum
749 931 875 995 Domino
909 935 1109 996 decantantem
1140 933 1245 996 Gloria
1281 935 1312 998 in
1347 935 1470 998 excelsis

401 1021 465 1084 lieo
486 1031 514 1080 et
535 1018 566 1080 in
587 1026 666 1077 terro
687 1036 763 1096 pax,
783 1017 1058 1091 bominibusbonae
1079 1017 1268 1081 volontatis.“
1310 1019 1469 1100 Gregorius

401 1108 517 1170 Toron.
532 1105 568 1162 ele
590 1099 686 1181 glorio
709 1099 752 1163 M.
775 1104 803 1168 1.
826 1121 852 1172 o.
870 1103 922 1170 63.
944 1105 980 1164 do
1000 1103 1167 1165 Inventione
1189 1102 1322 1182 eorporis
1336 1105 1372 1168 S.
1396 1103 1470 1166 Mol-

402 1190 457 1255 lusi
481 1189 525 1253 M.
573 1191 640 1265 „At
668 1185 719 1246 ille
747 1204 814 1247 mro
841 1187 963 1249 iniisset
991 1188 1074 1267 quasi
1102 1197 1213 1267 septem
1242 1190 1352 1270 pedes,
1379 1187 1469 1268 augit

400 1294 489 1339 nares
510 1272 573 1332 eins
594 1271 666 1332 odor
693 1270 826 1331 immensi
854 1271 1010 1348 aromatis,
1039 1282 1068 1333 et
1089 1271 1145 1332 ait:
1172 1271 1267 1333 Credo
1289 1273 1321 1335 irr
1344 1272 1467 1350 Christo,

403 1359 478 1442 quod
495 1355 618 1418 ostendit
639 1352 710 1416 mibi
723 1354 883 1436 Martyrem
908 1377 1011 1434 suone,
1034 1358 1147 1435 quando
1168 1377 1216 1425 me
1246 1358 1320 1419 bueo
1343 1359 1469 1420 suarim

401 1442 596 1508 circumdedit.
637 1438 675 1500 la
704 1439 818 1501 loclieos
844 1440 952 1519 reperit
979 1461 1086 1520 conpos
1113 1441 1248 1503 illaesum
1281 1453 1310 1503 ot
1340 1441 1469 1504 emittent

401 1549 473 1594 voco
486 1543 608 1605 magnae
628 1523 762 1585 Gloria
785 1525 820 1585 in
840 1526 1015 1588 exoelsis
1035 1526 1110 1587 Deo
1133 1546 1247 1588 omnem
1269 1528 1383 1589 olerum
1397 1526 1470 1608 peri·

402 1627 447 1678 ter
468 1612 595 1694 psallere
615 1610 710 1670 lecit·
734 1608 921 1688 lliotoqne
945 1611 1077 1690 hymno
1097 1631 1203 1689 corpus
1224 1622 1357 1674 sanetum
1379 1612 1409 1674 itr
1424 1612 1471 1672 la·

401 1701 518 1762 silicam
541 1694 718 1759 transtulit.“
766 1695 941 1756 Anastasius
971 1694 1000 1755 io
1029 1695 1159 1758 Historia
1180 1697 1289 1758 Leonis
1311 1697 1362 1764 ΙΙΙ.
1382 1713 1470 1777 egent

401 1781 438 1847 'cle
459 1799 597 1866 ooeurrsn
619 1778 748 1840 eiusdem
767 1778 911 1865 pontilicis
931 1789 958 1840 et
980 1778 1078 1841 Caroli
1093 1779 1137 1842 M.
1156 1782 1292 1860 „pariter
1311 1802 1344 1843 so
1363 1780 1472 1861 ample·

401 1880 510 1931 etentes
532 1885 597 1925 emo
619 1862 749 1925 lacrimis
776 1882 809 1924 se
838 1863 959 1925 osculati
990 1876 1066 1925 sunt.
1110 1864 1147 1924 [a
1168 1865 1314 1945 praedicto
1342 1864 1471 1947 pontifice

402 1950 538 2016 Gloria
559 1950 594 2008 iu
617 1948 788 2009 excelsis
810 1947 962 2009 inchoante
985 1959 1012 2009 ct
1034 1950 1226 2010 curutoclero
1248 1952 1470 2031 suscipien-

403 2052 455 2110 te,
474 2033 565 2095 ruratio
587 2051 677 2112 supra
699 2043 801 2093 errrrcto
825 2033 930 2113 populo
952 2035 1018 2093 data
1048 2038 1122 2094 esl.“
1169 2034 1312 2096 Alcuinus
1336 2036 1393 2114 Ep.
1414 2035 1468 2097 71:

403 2123 468 2200 „Et
489 2115 675 2180 cantatelleo
698 2127 794 2179 vestro
811 2118 840 2178 iu
863 2118 1015 2179 concordia
1040 2118 1119 2197 pacis
1141 2129 1167 2179 et
1187 2116 1470 2180 unauirnitate'rari-

404 2206 471 2269 tatis
493 2212 650 2284 perpetuae
672 2203 814 2262 cauticum
838 2202 931 2263 laudis
953 2215 980 2262 et
1002 2223 1067 2262 crum
1091 2202 1194 2263 militia
1215 2204 1334 2266 coelesti
1359 2204 1469 2266 landate

403 2291 498 2356 Boura
521 2297 548 2347 et
569 2286 671 2346 dieite:
694 2286 797 2347 Gloria
819 2285 848 2345 in
870 2287 997 2349 excelsis
1017 2286 1080 2348 Deo
1103 2297 1131 2347 ct
1151 2287 1283 2350 interra
1311 2308 1393 2370 pax,
1420 2289 1469 2351 lio·
1510 2293 1512 2297 ’

403 2374 532 2440 minibus
554 2372 645 2432 borrae
670 2368 856 2431 voluntatis.“
901 2369 961 2444 (Cf.
989 2390 1062 2452 quae
1084 2382 1257 2433 annotarunt
1287 2370 1468 2436 monacbis.

402 2458 502 2523 Mauri
524 2458 560 2517 acl
580 2453 844 2516 sacramentarium
863 2454 896 2517 S.
919 2456 1054 2535 Gregorii
1083 2456 1158 2536 Opp.
1187 2455 1277 2536 Grcg.
1307 2458 1398 2523 Turn.
1423 2456 1469 2518 ΙΙΙ.

404 2565 434 2626 p,
456 2542 545 2624 686.)
590 2540 620 2600 lu
644 2540 699 2602 hoo
727 2550 838 2599 setnsto
869 2541 970 2619 hymni
1000 2541 1125 2617 angelici
1155 2557 1209 2604 usu
1236 2554 1264 2601 et
1289 2542 1347 2605 boo
1376 2534 1469 2604 notato

404 2629 523 2711 dignum
546 2634 604 2699 est,
627 2625 700 2704 qnod
722 2624 750 2683 iu
773 2626 949 2686 membranis
963 2626 1083 2687 cetastis
1097 2625 1220 2687 occurrit
1234 2644 1350 2687 carmen
1368 2645 1470 2708 grette

405 2716 456 2778 uel
475 2711 568 2775 literis
590 2710 688 2772 latinis
717 2710 920 2788 conscriptum.
971 2711 1035 2790 lpse
1066 2732 1132 2773 corn
1162 2711 1279 2773 Monaei
1310 2722 1338 2773 et
1368 2708 1471 2776 Vincla-

407 2802 499 2862 boaao
512 2796 676 2860 huiusmodi
692 2796 805 2855 coelicos
821 2795 999 2874 inspexerim
1014 2797 1090 2857 bauel
1105 2795 1288 2856 iniucundum
1304 2797 1372 2876 quial
1387 2798 1471 2859 lecto·

407 2887 488 2946 ribos
508 2882 613 2942 offerre
637 2890 720 2960 puto,
743 2879 768 2940 si
785 2879 868 2940 rruins
883 2880 986 2940 saltem
1007 2880 1112 2940 codicis
1135 2881 1308 2959 scriptoram
1336 2883 1386 2943 bio
1405 2883 1470 2944 snb·

405 2968 514 3032 iieiam.
556 2965 629 3026 llioo
653 2965 849 3024 urembranam
864 2964 973 3023 sacculi
995 2965 1115 3043 derina,
1137 2967 1191 3025 sub
1206 2966 1309 3026 Ottorre
1325 2967 1346 3029 l.
1368 2986 1471 3028 exare-

406 3064 465 3116 tarn
500 3049 588 3128 (Bibl.
625 3047 747 3114 Virnlob,
781 3049 836 3109 No.
867 3048 991 3126 1888.),
1028 3067 1101 3127 qrrac
1135 3050 1242 3128 lryrnno
1277 3051 1368 3110 latino
1402 3053 1471 3114 liaeo

406 3134 562 3219 praemittit
576 3153 697 3214 graeca:
721 3134 805 3194 [lona
826 3133 853 3194 in
876 3133 986 3212 ipsistis
1001 3134 1066 3194 tlreo
1080 3133 1207 3213 Kopigis
1222 3134 1312 3196 crinis
1333 3134 1362 3195 in
1377 3146 1472 3197 antro·

386 3223 454 3303 'pis
474 3221 646 3283 errloclrios:
670 3238 825 3299 yrnrrrnuen
847 3236 879 3279 se
903 3217 1076 3296 crclogunrou
1092 3240 1123 3279 se
1139 3219 1355 3298 loxologuurcu
1369 3241 1402 3282 se
1423 3241 1472 3281 eu·

405 3307 601 3370 cbaristnruen
617 3324 649 3365 so
664 3303 711 3362 clia
725 3312 772 3363 ten
787 3301 920 3381 nrcgalen
934 3323 969 3363 sn
992 3304 1089 3362 loxan
1109 3302 1204 3380 kyrie.
1227 3304 1338 3365 basilea
1368 3322 1471 3386 epora·

404 3392 470 3454 nios
492 3392 557 3453 tlree
581 3400 662 3471 pater
684 3398 874 3469 paritor-rator,
917 3385 1000 3466 kyrie
1023 3407 1058 3468 γε
1081 3398 1243 3469 monogena
1263 3387 1309 3450 isu
1332 3388 1397 3472 Xpe
1418 3389 1471 3471 luy·

404 3477 448 3537 rie
476 3492 552 3554 agyo
583 3491 706 3552 pneuma
736 3473 820 3552 kyrie
849 3494 865 3531 o
894 3472 977 3534 theos
1006 3493 1023 3531 o
1051 3491 1153 3533 amrros
1180 3483 1210 3534 tn
1239 3476 1307 3536 then
1329 3492 1423 3554 agyos
1443 3483 1471 3535 tu

293 3614 296 3619 .
407 3567 506 3638 patros
530 3579 546 3615 o
567 3578 636 3617 eron
660 3572 703 3617 tas
725 3569 872 3637 muortyas
901 3567 931 3622 tn
960 3577 1060 3617 eosrnn
1081 3557 1199 3636 eleyson
1220 3577 1314 3640 ynras.
1365 3578 1473 3620 oeron

407 3655 452 3703 tas
484 3652 631 3720 aroartyas
675 3651 702 3700 to
744 3662 854 3704 cosmo.
911 3643 1074 3720 prosdexen
1109 3642 1215 3721 deesyn
1241 3662 1340 3724 ymon.
1374 3663 1391 3703 o
1425 3661 1472 3704 ra·

404 3726 549 3788 thimenos
573 3725 602 3784 in
624 3723 710 3784 dexia
732 3735 761 3784 tu
778 3734 875 3802 patros
893 3726 1010 3805 eleyson
1025 3745 1116 3812 ymos.
1161 3726 1199 3788 oti
1220 3728 1360 3789 simonos
1381 3746 1472 3810 agyos

406 3811 432 3873 si
455 3829 556 3870 monos
576 3807 677 3888 kyrios
707 3808 733 3868 si
758 3829 860 3870 monos
887 3808 1008 3888 ipsistos
1037 3810 1098 3873 isus
1125 3811 1190 3892 Xpe
1215 3812 1261 3874 sin
1288 3830 1365 3893 agyo
1386 3833 1474 3893 pneu-

403 3895 490 3958 matis
510 3896 606 3954 doxon
631 3892 699 3953 then
722 3901 830 3970 patros.

413 4093 422 4121 a
491 4069 598 4128 Postea
620 4081 689 4124 uero
712 4058 836 4120 simulac
848 4061 1060 4123 Ambrosianus
1074 4062 1208 4142 Hymnus
1220 4063 1248 4125 iu
1263 4064 1388 4128 eeclesia
1409 4086 1473 4147 per·

405 4152 571 4212 erabescere
594 4147 704 4228 coepit,
732 4144 903 4224 angelornm
933 4164 1049 4206 carmen
1079 4147 1182 4228 ubique
1204 4149 1235 4229 in
1255 4149 1351 4210 Missa
1372 4153 1474 4212 recita·

407 4236 506 4312 batur,
528 4236 602 4294 inter
623 4229 740 4311 Kyrie
762 4242 789 4289 et
812 4228 1021 4290 collectam
1043 4233 1224 4296 collocatum.
1269 4232 1358 4310 Quod
1375 4237 1473 4296 attinet
1517 4226 1519 4233 ’

404 4321 439 4379 ad
462 4319 634 4392 melodiam,
663 4314 825 4377 arctissime
853 4335 918 4402 cerm
937 4334 1057 4375 noveno
1078 4318 1131 4378 illa
1154 4319 1317 4398 precatione
1340 4321 1475 4382 cobaere-

407 4404 468 4481 bat‚
490 4414 534 4481 nt,
557 4408 585 4465 si
604 4402 725 4462 diuersis
747 4397 948 4461 festivitatibus
962 4400 1267 4484 adsignatanyrie
1286 4404 1471 4466 sollemne

406 4508 584 4548 summum
604 4487 650 4546 vel
672 4483 953 4547 semisrrmmnru
983 4485 1027 4544 vcl
1051 4486 1240 4549 Paschale
1277 4488 1324 4550 vel
1345 4488 1472 4550 Domi·

406 4570 531 4633 nicole
553 4568 879 4650 etrlportolionm,
898 4569 1345 4655 angelicum-etnlleriale
1367 4574 1470 4638 huoal
