<?xml version="1.0" encoding="UTF-8"?>
<!DOCTYPE html PUBLIC "-//W3C//DTD XHTML 1.0 Transitional//EN"
    "http://www.w3.org/TR/xhtml1/DTD/xhtml1-transitional.dtd">
<html xmlns="http://www.w3.org/1999/xhtml" xml:lang="en" lang="en">
 <head>
  <title>
</title>
<meta http-equiv="Content-Type" content="text/html;charset=utf-8" />
  <meta name='ocr-system' content='tesseract 3.04.00' />
  <meta name='ocr-capabilities' content='ocr_page ocr_carea ocr_par ocr_line ocrx_word'/>
</head>
<body>
  <div class='ocr_page' id='page_1' title='image "./thesaurushymnol02danigoog/thesaurushymnol02danigoog_0118.png"; bbox 0 0 3750 5400; ppageno 0'>
   <div class='ocr_carea' id='block_1_1' title="bbox 981 703 1046 780">
    <p class='ocr_par' dir='ltr' id='par_1_1' title="bbox 981 703 1046 780">
     <span class='ocr_line' id='line_1_1' title="bbox 981 703 1046 780; baseline 0 0"><span class='ocrx_word' id='word_1_1' title='bbox 981 703 1046 780; x_wconf 78' lang='grc'>98</span> 
     </span>
    </p>
   </div>
   <div class='ocr_carea' id='block_1_2' title="bbox 500 877 1549 1551">
    <p class='ocr_par' dir='ltr' id='par_1_2' title="bbox 500 877 1498 1047">
     <span class='ocr_line' id='line_1_2' title="bbox 500 877 1498 964; baseline -0.002 -18"><span class='ocrx_word' id='word_1_2' title='bbox 500 886 530 949; x_wconf 82' lang='grc'>9.</span> <span class='ocrx_word' id='word_1_3' title='bbox 545 882 669 947; x_wconf 83' lang='lat' dir='ltr'>Sumunt</span> <span class='ocrx_word' id='word_1_4' title='bbox 683 881 766 962; x_wconf 88' lang='lat' dir='ltr'>boni,</span> <span class='ocrx_word' id='word_1_5' title='bbox 786 890 903 945; x_wconf 89' lang='lat' dir='ltr'>sumunt</span> <span class='ocrx_word' id='word_1_6' title='bbox 917 884 987 946; x_wconf 85' lang='lat' dir='ltr'>maii</span> <span class='ocrx_word' id='word_1_7' title='bbox 1034 887 1081 951; x_wconf 89' lang='lat' dir='ltr'>ll.</span> <span class='ocrx_word' id='word_1_8' title='bbox 1097 884 1173 946; x_wconf 83' lang='lat' dir='ltr'>Eeee</span> <span class='ocrx_word' id='word_1_9' title='bbox 1198 881 1282 964; x_wconf 89' lang='lat' dir='ltr'>panis</span> <span class='ocrx_word' id='word_1_10' title='bbox 1304 877 1498 962; x_wconf 75' lang='lat' dir='ltr'>angelorum,</span> 
     </span>
     <span class='ocr_line' id='line_1_3' title="bbox 542 967 1492 1047; baseline -0.004 -16"><span class='ocrx_word' id='word_1_11' title='bbox 542 969 626 1031; x_wconf 83' lang='lat' dir='ltr'>Sorte</span> <span class='ocrx_word' id='word_1_12' title='bbox 648 978 744 1030; x_wconf 89' lang='lat' dir='ltr'>tamen</span> <span class='ocrx_word' id='word_1_13' title='bbox 764 967 909 1047; x_wconf 77' lang='lat' dir='ltr'><strong>inaequali</strong></span> <span class='ocrx_word' id='word_1_14' title='bbox 1096 970 1121 1029; x_wconf 85' lang='lat' dir='ltr'>F</span> <span class='ocrx_word' id='word_1_15' title='bbox 1123 977 1204 1030; x_wconf 90' lang='lat' dir='ltr'>actus</span> <span class='ocrx_word' id='word_1_16' title='bbox 1227 969 1309 1030; x_wconf 89' lang='lat' dir='ltr'>cibus</span> <span class='ocrx_word' id='word_1_17' title='bbox 1330 972 1492 1045; x_wconf 82' lang='lat' dir='ltr'>viatorum,</span> 
     </span>
    </p>

    <p class='ocr_par' dir='ltr' id='par_1_3' title="bbox 503 1049 1549 1302">
     <span class='ocr_line' id='line_1_4' title="bbox 503 1049 1446 1133; baseline -0.004 -18"><span class='ocrx_word' id='word_1_18' title='bbox 503 1049 514 1092; x_wconf 77' lang='lat'>&#39;·</span> <span class='ocrx_word' id='word_1_19' title='bbox 562 1053 645 1116; x_wconf 81' lang='lat' dir='ltr'>Vitae</span> <span class='ocrx_word' id='word_1_20' title='bbox 666 1054 713 1114; x_wconf 81' lang='lat' dir='ltr'>rel</span> <span class='ocrx_word' id='word_1_21' title='bbox 734 1053 876 1114; x_wconf 87' lang='lat' dir='ltr'>interitus.</span> <span class='ocrx_word' id='word_1_22' title='bbox 1093 1054 1168 1115; x_wconf 84' lang='lat' dir='ltr'>Vero</span> <span class='ocrx_word' id='word_1_23' title='bbox 1191 1052 1276 1133; x_wconf 87' lang='lat' dir='ltr'>ponis</span> <span class='ocrx_word' id='word_1_24' title='bbox 1298 1051 1446 1125; x_wconf 88' lang='lat' dir='ltr'>liliorum,</span> 
     </span>
     <span class='ocr_line' id='line_1_5' title="bbox 541 1135 1549 1214; baseline 0.002 -16"><span class='ocrx_word' id='word_1_25' title='bbox 541 1137 871 1214; x_wconf 85' lang='lat' dir='ltr'>Morsestmalis,rita</span> <span class='ocrx_word' id='word_1_26' title='bbox 888 1136 989 1210; x_wconf 61' lang='lat' dir='ltr'>bonine</span> <span class='ocrx_word' id='word_1_27' title='bbox 1134 1138 1199 1197; x_wconf 91' lang='lat' dir='ltr'>Nou</span> <span class='ocrx_word' id='word_1_28' title='bbox 1228 1137 1382 1197; x_wconf 89' lang='lat' dir='ltr'>mittendus</span> <span class='ocrx_word' id='word_1_29' title='bbox 1411 1135 1549 1200; x_wconf 73' lang='lat' dir='ltr'>canibus</span> 
     </span>
     <span class='ocr_line' id='line_1_6' title="bbox 542 1220 1499 1302; baseline -0.004 -19"><span class='ocrx_word' id='word_1_30' title='bbox 542 1222 627 1297; x_wconf 83' lang='lat' dir='ltr'>vide,</span> <span class='ocrx_word' id='word_1_31' title='bbox 651 1220 729 1302; x_wconf 85' lang='lat' dir='ltr'>paris</span> <span class='ocrx_word' id='word_1_32' title='bbox 751 1220 924 1301; x_wconf 76' lang='lat' dir='ltr'>sumptionis</span> <span class='ocrx_word' id='word_1_33' title='bbox 1093 1221 1138 1300; x_wconf 46' lang='lat' dir='ltr'>ln,</span> <span class='ocrx_word' id='word_1_34' title='bbox 1148 1220 1252 1300; x_wconf 80' lang='lat' dir='ltr'>liguris</span> <span class='ocrx_word' id='word_1_35' title='bbox 1273 1220 1499 1301; x_wconf 77' lang='lat' dir='ltr'>praesignatur,</span> 
     </span>
    </p>

    <p class='ocr_par' dir='ltr' id='par_1_4' title="bbox 580 1303 1548 1551">
     <span class='ocr_line' id='line_1_7' title="bbox 580 1303 1505 1386; baseline -0.004 -19"><span class='ocrx_word' id='word_1_36' title='bbox 580 1305 676 1383; x_wconf 70' lang='lat' dir='ltr'>Quam</span> <span class='ocrx_word' id='word_1_37' title='bbox 701 1306 738 1367; x_wconf 87' lang='lat' dir='ltr'>sit</span> <span class='ocrx_word' id='word_1_38' title='bbox 759 1306 858 1386; x_wconf 81' lang='lat' dir='ltr'>dispar</span> <span class='ocrx_word' id='word_1_39' title='bbox 879 1305 985 1370; x_wconf 82' lang='lat' dir='ltr'>exitus.</span> <span class='ocrx_word' id='word_1_40' title='bbox 1096 1307 1194 1382; x_wconf 75' lang='lat' dir='ltr'>Qatnu</span> <span class='ocrx_word' id='word_1_41' title='bbox 1217 1305 1298 1366; x_wconf 82' lang='lat' dir='ltr'>isaac</span> <span class='ocrx_word' id='word_1_42' title='bbox 1320 1303 1505 1380; x_wconf 86' lang='lat' dir='ltr'>immolatur,</span> 
     </span>
     <span class='ocr_line' id='line_1_8' title="bbox 1096 1389 1548 1469; baseline -0.011 -18"><span class='ocrx_word' id='word_1_43' title='bbox 1096 1393 1199 1469; x_wconf 81' lang='lat' dir='ltr'>Agnus</span> <span class='ocrx_word' id='word_1_44' title='bbox 1226 1389 1356 1451; x_wconf 75' lang='lat' dir='ltr'>Paschae</span> <span class='ocrx_word' id='word_1_45' title='bbox 1384 1390 1548 1468; x_wconf 90' lang='lat' dir='ltr'>deputatur,</span> 
     </span>
     <span class='ocr_line' id='line_1_9' title="bbox 1138 1473 1528 1551; baseline 0.003 -16"><span class='ocrx_word' id='word_1_46' title='bbox 1138 1473 1232 1535; x_wconf 89' lang='lat' dir='ltr'>Datur</span> <span class='ocrx_word' id='word_1_47' title='bbox 1253 1490 1359 1535; x_wconf 85' lang='lat' dir='ltr'>unauna</span> <span class='ocrx_word' id='word_1_48' title='bbox 1383 1474 1528 1551; x_wconf 86' lang='lat' dir='ltr'>patribus.</span> 
     </span>
    </p>
   </div>
   <div class='ocr_carea' id='block_1_3' title="bbox 449 1605 1546 2438">
    <p class='ocr_par' dir='ltr' id='par_1_5' title="bbox 449 1605 1546 2438">
     <span class='ocr_line' id='line_1_10' title="bbox 477 1605 1527 1688; baseline -0.008 -12"><span class='ocrx_word' id='word_1_49' title='bbox 477 1613 526 1682; x_wconf 89' lang='lat' dir='ltr'>ltt.</span> <span class='ocrx_word' id='word_1_50' title='bbox 538 1612 643 1674; x_wconf 83' lang='lat' dir='ltr'>Fracto</span> <span class='ocrx_word' id='word_1_51' title='bbox 670 1609 784 1669; x_wconf 89' lang='lat' dir='ltr'>demum</span> <span class='ocrx_word' id='word_1_52' title='bbox 805 1617 987 1671; x_wconf 82' lang='lat' dir='ltr'>sacramento</span> <span class='ocrx_word' id='word_1_53' title='bbox 1034 1605 1083 1670; x_wconf 88' lang='grc'>12.</span> <span class='ocrx_word' id='word_1_54' title='bbox 1098 1607 1177 1669; x_wconf 89' lang='lat' dir='ltr'>Bone</span> <span class='ocrx_word' id='word_1_55' title='bbox 1200 1618 1312 1688; x_wconf 88' lang='lat' dir='ltr'>postor,</span> <span class='ocrx_word' id='word_1_56' title='bbox 1335 1608 1419 1688; x_wconf 88' lang='lat' dir='ltr'>panis</span> <span class='ocrx_word' id='word_1_57' title='bbox 1439 1627 1527 1685; x_wconf 82' lang='lat' dir='ltr'>vere,</span> 
     </span>
     <span class='ocr_line' id='line_1_11' title="bbox 449 1687 1459 1769; baseline -0.008 -10"><span class='ocrx_word' id='word_1_58' title='bbox 449 1687 457 1714; x_wconf 82' lang='lat'><strong><em>¹</em></strong></span> <span class='ocrx_word' id='word_1_59' title='bbox 540 1698 584 1759; x_wconf 87' lang='lat' dir='ltr'>Ne</span> <span class='ocrx_word' id='word_1_60' title='bbox 604 1694 743 1769; x_wconf 76' lang='lat' dir='ltr'>vacilles,</span> <span class='ocrx_word' id='word_1_61' title='bbox 771 1696 820 1754; x_wconf 85' lang='lat' dir='ltr'>sod</span> <span class='ocrx_word' id='word_1_62' title='bbox 844 1704 986 1753; x_wconf 88' lang='lat' dir='ltr'>ruemento</span> <span class='ocrx_word' id='word_1_63' title='bbox 1096 1692 1174 1766; x_wconf 86' lang='lat' dir='ltr'>lesu,</span> <span class='ocrx_word' id='word_1_64' title='bbox 1198 1693 1287 1754; x_wconf 78' lang='lat' dir='ltr'>nostri</span> <span class='ocrx_word' id='word_1_65' title='bbox 1310 1693 1459 1753; x_wconf 87' lang='lat' dir='ltr'>miserere.</span> 
     </span>
     <span class='ocr_line' id='line_1_12' title="bbox 540 1778 1546 1855; baseline -0.007 -14"><span class='ocrx_word' id='word_1_66' title='bbox 540 1781 667 1841; x_wconf 76' lang='lat' dir='ltr'>Tantum</span> <span class='ocrx_word' id='word_1_67' title='bbox 682 1797 745 1837; x_wconf 87' lang='lat' dir='ltr'>osse</span> <span class='ocrx_word' id='word_1_68' title='bbox 760 1779 814 1837; x_wconf 89' lang='lat' dir='ltr'>sub</span> <span class='ocrx_word' id='word_1_69' title='bbox 825 1779 988 1855; x_wconf 79' lang='lat' dir='ltr'>fragmento</span> <span class='ocrx_word' id='word_1_70' title='bbox 1003 1789 1006 1797; x_wconf 89' lang='lat'>&#39;</span> <span class='ocrx_word' id='word_1_71' title='bbox 1095 1778 1143 1838; x_wconf 84' lang='lat' dir='ltr'>Tu</span> <span class='ocrx_word' id='word_1_72' title='bbox 1165 1795 1220 1838; x_wconf 86' lang='lat' dir='ltr'>uos</span> <span class='ocrx_word' id='word_1_73' title='bbox 1241 1796 1344 1855; x_wconf 86' lang='lat' dir='ltr'>pasce,</span> <span class='ocrx_word' id='word_1_74' title='bbox 1371 1797 1425 1837; x_wconf 91' lang='lat' dir='ltr'>uos</span> <span class='ocrx_word' id='word_1_75' title='bbox 1448 1785 1546 1853; x_wconf 88' lang='lat' dir='ltr'>tuere,</span> 
     </span>
     <span class='ocr_line' id='line_1_13' title="bbox 515 1860 1505 1940; baseline -0.004 -18"><span class='ocrx_word' id='word_1_76' title='bbox 515 1913 525 1939; x_wconf 78' lang='lat'>,</span> <span class='ocrx_word' id='word_1_77' title='bbox 580 1864 726 1940; x_wconf 79' lang='lat' dir='ltr'>Quantum</span> <span class='ocrx_word' id='word_1_78' title='bbox 748 1869 806 1922; x_wconf 87' lang='lat' dir='ltr'>toto</span> <span class='ocrx_word' id='word_1_79' title='bbox 827 1865 951 1940; x_wconf 80' lang='lat' dir='ltr'>tegitur:</span> <span class='ocrx_word' id='word_1_80' title='bbox 1093 1862 1140 1922; x_wconf 81' lang='lat' dir='ltr'>Tu</span> <span class='ocrx_word' id='word_1_81' title='bbox 1163 1881 1217 1926; x_wconf 87' lang='lat' dir='ltr'>uos</span> <span class='ocrx_word' id='word_1_82' title='bbox 1241 1864 1315 1922; x_wconf 87' lang='lat' dir='ltr'>bona</span> <span class='ocrx_word' id='word_1_83' title='bbox 1336 1864 1383 1922; x_wconf 89' lang='lat' dir='ltr'>loo</span> <span class='ocrx_word' id='word_1_84' title='bbox 1404 1860 1505 1937; x_wconf 80' lang='lat' dir='ltr'>ridere</span> 
     </span>
     <span class='ocr_line' id='line_1_14' title="bbox 539 1944 1460 2020; baseline 0 -11"><span class='ocrx_word' id='word_1_85' title='bbox 539 1945 629 2009; x_wconf 90' lang='lat' dir='ltr'>Nulla</span> <span class='ocrx_word' id='word_1_86' title='bbox 650 1945 691 2005; x_wconf 87' lang='lat' dir='ltr'>roi</span> <span class='ocrx_word' id='word_1_87' title='bbox 713 1945 745 2006; x_wconf 88' lang='lat' dir='ltr'>lit</span> <span class='ocrx_word' id='word_1_88' title='bbox 766 1946 908 2020; x_wconf 88' lang='lat' dir='ltr'>scissura,</span> <span class='ocrx_word' id='word_1_89' title='bbox 1140 1945 1170 2005; x_wconf 92' lang='lat' dir='ltr'>ln</span> <span class='ocrx_word' id='word_1_90' title='bbox 1194 1956 1271 2005; x_wconf 89' lang='lat' dir='ltr'>terra</span> <span class='ocrx_word' id='word_1_91' title='bbox 1293 1944 1460 2009; x_wconf 82' lang='lat' dir='ltr'>viventium.</span> 
     </span>
     <span class='ocr_line' id='line_1_15' title="bbox 539 2026 1542 2109; baseline -0.006 -17"><span class='ocrx_word' id='word_1_92' title='bbox 539 2031 624 2109; x_wconf 80' lang='lat' dir='ltr'>Signi</span> <span class='ocrx_word' id='word_1_93' title='bbox 647 2039 753 2091; x_wconf 86' lang='lat' dir='ltr'>tanturn</span> <span class='ocrx_word' id='word_1_94' title='bbox 777 2030 808 2091; x_wconf 89' lang='lat' dir='ltr'>lit</span> <span class='ocrx_word' id='word_1_95' title='bbox 828 2033 955 2091; x_wconf 75' lang='lat' dir='ltr'>lectatura</span> <span class='ocrx_word' id='word_1_96' title='bbox 1094 2029 1141 2090; x_wconf 85' lang='lat' dir='ltr'>Tu</span> <span class='ocrx_word' id='word_1_97' title='bbox 1159 2031 1318 2109; x_wconf 89' lang='lat' dir='ltr'>quicuncta</span> <span class='ocrx_word' id='word_1_98' title='bbox 1333 2030 1392 2090; x_wconf 88' lang='lat' dir='ltr'>seis</span> <span class='ocrx_word' id='word_1_99' title='bbox 1407 2041 1434 2093; x_wconf 84' lang='lat' dir='ltr'>tt</span> <span class='ocrx_word' id='word_1_100' title='bbox 1449 2026 1542 2101; x_wconf 79' lang='lat' dir='ltr'>tales,</span> 
     </span>
     <span class='ocr_line' id='line_1_16' title="bbox 540 2112 1540 2194; baseline -0.005 -18"><span class='ocrx_word' id='word_1_101' title='bbox 540 2117 605 2192; x_wconf 78' lang='lat' dir='ltr'>Qua</span> <span class='ocrx_word' id='word_1_102' title='bbox 625 2135 678 2174; x_wconf 89' lang='lat' dir='ltr'>neo</span> <span class='ocrx_word' id='word_1_103' title='bbox 690 2123 781 2175; x_wconf 88' lang='lat' dir='ltr'>statos</span> <span class='ocrx_word' id='word_1_104' title='bbox 801 2134 854 2175; x_wconf 88' lang='lat' dir='ltr'>uec</span> <span class='ocrx_word' id='word_1_105' title='bbox 876 2125 987 2177; x_wconf 88' lang='lat' dir='ltr'>statura</span> <span class='ocrx_word' id='word_1_106' title='bbox 1093 2114 1149 2189; x_wconf 79' lang='lat' dir='ltr'>Quoi</span> <span class='ocrx_word' id='word_1_107' title='bbox 1165 2135 1218 2175; x_wconf 90' lang='lat' dir='ltr'>uos</span> <span class='ocrx_word' id='word_1_108' title='bbox 1234 2112 1540 2194; x_wconf 86' lang='lat' dir='ltr'>paseishicmortalos,</span> 
     </span>
     <span class='ocr_line' id='line_1_17' title="bbox 580 2191 1482 2283; baseline -0.003 -23"><span class='ocrx_word' id='word_1_109' title='bbox 580 2196 695 2278; x_wconf 81' lang='lat' dir='ltr'>Signatl</span> <span class='ocrx_word' id='word_1_110' title='bbox 716 2198 864 2283; x_wconf 86' lang='lat' dir='ltr'>minuitur.</span> <span class='ocrx_word' id='word_1_111' title='bbox 1089 2200 1172 2260; x_wconf 84' lang='lat' dir='ltr'>Tuos</span> <span class='ocrx_word' id='word_1_112' title='bbox 1193 2198 1231 2259; x_wconf 89' lang='lat' dir='ltr'>ibi</span> <span class='ocrx_word' id='word_1_113' title='bbox 1254 2191 1482 2274; x_wconf 76' lang='lat' dir='ltr'>commensales,</span> 
     </span>
     <span class='ocr_line' id='line_1_18' title="bbox 737 2282 1461 2362; baseline -0.004 -18"><span class='ocrx_word' id='word_1_114' title='bbox 737 2285 740 2291; x_wconf 77' lang='grc'>’</span> <span class='ocrx_word' id='word_1_115' title='bbox 1091 2282 1274 2344; x_wconf 75' lang='lat' dir='ltr'>cohaeredes</span> <span class='ocrx_word' id='word_1_116' title='bbox 1296 2292 1324 2362; x_wconf 85' lang='lat' dir='ltr'>et</span> <span class='ocrx_word' id='word_1_117' title='bbox 1344 2282 1461 2344; x_wconf 87' lang='lat' dir='ltr'>sodales</span> 
     </span>
     <span class='ocr_line' id='line_1_19' title="bbox 1130 2366 1518 2438; baseline 0.003 -11"><span class='ocrx_word' id='word_1_118' title='bbox 1130 2366 1191 2428; x_wconf 84' lang='lat' dir='ltr'>Fac</span> <span class='ocrx_word' id='word_1_119' title='bbox 1212 2375 1378 2430; x_wconf 85' lang='lat' dir='ltr'>sanctoruni</span> <span class='ocrx_word' id='word_1_120' title='bbox 1399 2366 1518 2438; x_wconf 80' lang='lat' dir='ltr'>oinium.</span> 
     </span>
    </p>
   </div>
   <div class='ocr_carea' id='block_1_4' title="bbox 931 2489 1072 2500">
    <p class='ocr_par' dir='ltr' id='par_1_6' title="bbox 931 2489 1072 2500">
     <span class='ocr_line' id='line_1_20' title="bbox 931 2489 1072 2500; baseline 0 -3"><span class='ocrx_word' id='word_1_121' title='bbox 931 2489 1072 2500; x_wconf 52' lang='lat'>*—</span> 
     </span>
    </p>
   </div>
   <div class='ocr_carea' id='block_1_5' title="bbox 473 2566 1582 2736">
    <p class='ocr_par' dir='ltr' id='par_1_7' title="bbox 473 2566 1582 2736">
     <span class='ocr_line' id='line_1_21' title="bbox 556 2566 1582 2651; baseline -0.004 -19"><span class='ocrx_word' id='word_1_122' title='bbox 556 2568 697 2632; x_wconf 82' lang='lat' dir='ltr'>Coulcres</span> <span class='ocrx_word' id='word_1_123' title='bbox 715 2567 745 2633; x_wconf 92' lang='lat' dir='ltr'>h.</span> <span class='ocrx_word' id='word_1_124' title='bbox 766 2566 786 2635; x_wconf 86' lang='lat' dir='ltr'>l.</span> <span class='ocrx_word' id='word_1_125' title='bbox 805 2586 880 2647; x_wconf 85' lang='lat' dir='ltr'>quae</span> <span class='ocrx_word' id='word_1_126' title='bbox 898 2568 1100 2629; x_wconf 87' lang='lat' dir='ltr'>adnotavimus</span> <span class='ocrx_word' id='word_1_127' title='bbox 1128 2571 1165 2631; x_wconf 90' lang='lat' dir='ltr'>ad</span> <span class='ocrx_word' id='word_1_128' title='bbox 1190 2570 1314 2651; x_wconf 81' lang='lat' dir='ltr'>hymnos</span> <span class='ocrx_word' id='word_1_129' title='bbox 1332 2568 1365 2633; x_wconf 84' lang='lat' dir='ltr'>S.</span> <span class='ocrx_word' id='word_1_130' title='bbox 1388 2566 1540 2628; x_wconf 83' lang='lat' dir='ltr'>Thomna:</span> <span class='ocrx_word' id='word_1_131' title='bbox 1573 2620 1582 2628; x_wconf 84' lang='lat'><em>.</em></span> 
     </span>
     <span class='ocr_line' id='line_1_22' title="bbox 473 2651 1539 2736; baseline -0.008 -15"><span class='ocrx_word' id='word_1_132' title='bbox 473 2656 601 2736; x_wconf 81' lang='lat' dir='ltr'>Pange</span> <span class='ocrx_word' id='word_1_133' title='bbox 629 2654 763 2732; x_wconf 80' lang='lat' dir='ltr'>lingna</span> <span class='ocrx_word' id='word_1_134' title='bbox 801 2654 967 2733; x_wconf 80' lang='lat' dir='ltr'>gloriosi</span> <span class='ocrx_word' id='word_1_135' title='bbox 1004 2663 1031 2714; x_wconf 90' lang='lat' dir='ltr'>et</span> <span class='ocrx_word' id='word_1_136' title='bbox 1059 2653 1189 2717; x_wconf 84' lang='lat' dir='ltr'>Sacris</span> <span class='ocrx_word' id='word_1_137' title='bbox 1223 2651 1439 2730; x_wconf 86' lang='lat' dir='ltr'>sollemnis,</span> <span class='ocrx_word' id='word_1_138' title='bbox 1469 2652 1539 2733; x_wconf 87' lang='lat' dir='ltr'>quia</span> 
     </span>
    </p>
   </div>
   <div class='ocr_carea' id='block_1_6' title="bbox 471 2738 1538 2988">
    <p class='ocr_par' dir='ltr' id='par_1_8' title="bbox 471 2738 1538 2988">
     <span class='ocr_line' id='line_1_23' title="bbox 473 2738 1537 2820; baseline -0.006 -17"><span class='ocrx_word' id='word_1_139' title='bbox 473 2743 565 2803; x_wconf 90' lang='lat' dir='ltr'>multa</span> <span class='ocrx_word' id='word_1_140' title='bbox 587 2759 659 2820; x_wconf 88' lang='lat' dir='ltr'>quae</span> <span class='ocrx_word' id='word_1_141' title='bbox 681 2738 775 2798; x_wconf 87' lang='lat' dir='ltr'>ibide</span> <span class='ocrx_word' id='word_1_142' title='bbox 797 2758 851 2799; x_wconf 93' lang='lat' dir='ltr'>usn</span> <span class='ocrx_word' id='word_1_143' title='bbox 866 2740 969 2800; x_wconf 88' lang='lat' dir='ltr'>borum</span> <span class='ocrx_word' id='word_1_144' title='bbox 993 2739 1152 2800; x_wconf 83' lang='lat' dir='ltr'>carminum</span> <span class='ocrx_word' id='word_1_145' title='bbox 1167 2740 1242 2798; x_wconf 89' lang='lat' dir='ltr'>dicta</span> <span class='ocrx_word' id='word_1_146' title='bbox 1264 2749 1331 2799; x_wconf 87' lang='lat' dir='ltr'>sont</span> <span class='ocrx_word' id='word_1_147' title='bbox 1353 2740 1382 2797; x_wconf 88' lang='lat' dir='ltr'>in</span> <span class='ocrx_word' id='word_1_148' title='bbox 1403 2750 1537 2797; x_wconf 86' lang='lat' dir='ltr'>nostrum</span> 
     </span>
     <span class='ocr_line' id='line_1_24' title="bbox 472 2821 1538 2906; baseline -0.005 -21"><span class='ocrx_word' id='word_1_149' title='bbox 472 2845 585 2906; x_wconf 90' lang='lat' dir='ltr'>quoqne</span> <span class='ocrx_word' id='word_1_150' title='bbox 612 2825 726 2888; x_wconf 88' lang='lat' dir='ltr'>cadunt.</span> <span class='ocrx_word' id='word_1_151' title='bbox 774 2823 870 2885; x_wconf 87' lang='lat' dir='ltr'>Unam</span> <span class='ocrx_word' id='word_1_152' title='bbox 892 2822 1010 2883; x_wconf 68' lang='lat' dir='ltr'>nummuli</span> <span class='ocrx_word' id='word_1_153' title='bbox 1033 2828 1182 2883; x_wconf 85' lang='lat' dir='ltr'>materiam</span> <span class='ocrx_word' id='word_1_154' title='bbox 1204 2822 1258 2884; x_wconf 90' lang='lat' dir='ltr'>sibi</span> <span class='ocrx_word' id='word_1_155' title='bbox 1279 2822 1403 2901; x_wconf 84' lang='lat' dir='ltr'>sumpsit</span> <span class='ocrx_word' id='word_1_156' title='bbox 1427 2821 1538 2882; x_wconf 76' lang='lat' dir='ltr'>Dor-tor</span> 
     </span>
     <span class='ocr_line' id='line_1_25' title="bbox 471 2906 1536 2988; baseline -0.005 -18"><span class='ocrx_word' id='word_1_157' title='bbox 471 2908 630 2988; x_wconf 67' lang='lat' dir='ltr'>hugelinus</span> <span class='ocrx_word' id='word_1_158' title='bbox 645 2909 819 2986; x_wconf 88' lang='lat' dir='ltr'>eandemque</span> <span class='ocrx_word' id='word_1_159' title='bbox 832 2907 990 2968; x_wconf 85' lang='lat' dir='ltr'>divinitatis</span> <span class='ocrx_word' id='word_1_160' title='bbox 1009 2918 1093 2984; x_wconf 88' lang='lat' dir='ltr'>atque</span> <span class='ocrx_word' id='word_1_161' title='bbox 1114 2907 1303 2967; x_wconf 82' lang='lat' dir='ltr'>excellentiae</span> <span class='ocrx_word' id='word_1_162' title='bbox 1314 2906 1536 2984; x_wconf 80' lang='lat' dir='ltr'>plenissimam,</span> 
     </span>
    </p>
   </div>
   <div class='ocr_carea' id='block_1_7' title="bbox 370 2990 1534 3072">
    <p class='ocr_par' dir='ltr' id='par_1_9' title="bbox 370 2990 1534 3072">
     <span class='ocr_line' id='line_1_26' title="bbox 370 2990 1534 3072; baseline -0.003 -18"><span class='ocrx_word' id='word_1_163' title='bbox 370 3010 391 3029; x_wconf 54' lang='lat'><em>⁸</em></span> <span class='ocrx_word' id='word_1_164' title='bbox 469 2993 541 3055; x_wconf 86' lang='lat' dir='ltr'>adeo</span> <span class='ocrx_word' id='word_1_165' title='bbox 564 2991 726 3072; x_wconf 79' lang='lat' dir='ltr'>angelicam</span> <span class='ocrx_word' id='word_1_166' title='bbox 747 2991 767 3058; x_wconf 81' lang='lat' dir='ltr'>i,</span> <span class='ocrx_word' id='word_1_167' title='bbox 787 3010 812 3052; x_wconf 87' lang='lat' dir='ltr'>e.</span> <span class='ocrx_word' id='word_1_168' title='bbox 836 2993 872 3053; x_wconf 92' lang='lat' dir='ltr'>ab</span> <span class='ocrx_word' id='word_1_169' title='bbox 894 2993 966 3071; x_wconf 87' lang='lat' dir='ltr'>ipsis</span> <span class='ocrx_word' id='word_1_170' title='bbox 986 2991 1100 3069; x_wconf 67' lang='lat' dir='ltr'>erogetis</span> <span class='ocrx_word' id='word_1_171' title='bbox 1121 2992 1292 3052; x_wconf 80' lang='lat' dir='ltr'>celebratam</span> <span class='ocrx_word' id='word_1_172' title='bbox 1318 3002 1345 3049; x_wconf 84' lang='lat' dir='ltr'>et</span> <span class='ocrx_word' id='word_1_173' title='bbox 1361 2990 1534 3051; x_wconf 86' lang='lat' dir='ltr'>adoratam.</span> 
     </span>
    </p>
   </div>
   <div class='ocr_carea' id='block_1_8' title="bbox 460 3074 1594 4672">
    <p class='ocr_par' dir='ltr' id='par_1_10' title="bbox 460 3074 1594 4672">
     <span class='ocr_line' id='line_1_27' title="bbox 469 3074 1536 3154; baseline -0.004 -16"><span class='ocrx_word' id='word_1_174' title='bbox 469 3076 524 3141; x_wconf 76' lang='lat' dir='ltr'>Est</span> <span class='ocrx_word' id='word_1_175' title='bbox 550 3074 725 3139; x_wconf 80' lang='lat' dir='ltr'>vulnerabilis</span> <span class='ocrx_word' id='word_1_176' title='bbox 752 3076 924 3137; x_wconf 86' lang='lat' dir='ltr'>sacramenti</span> <span class='ocrx_word' id='word_1_177' title='bbox 951 3078 1082 3137; x_wconf 89' lang='lat' dir='ltr'>laudator</span> <span class='ocrx_word' id='word_1_178' title='bbox 1109 3077 1240 3137; x_wconf 83' lang='lat' dir='ltr'>Thomas</span> <span class='ocrx_word' id='word_1_179' title='bbox 1268 3095 1414 3149; x_wconf 91' lang='lat' dir='ltr'>summus,</span> <span class='ocrx_word' id='word_1_180' title='bbox 1448 3095 1536 3154; x_wconf 86' lang='lat' dir='ltr'>quem</span> 
     </span>
     <span class='ocr_line' id='line_1_28' title="bbox 469 3159 1536 3234; baseline -0.004 -12"><span class='ocrx_word' id='word_1_181' title='bbox 469 3182 528 3233; x_wconf 87' lang='lat' dir='ltr'>nqn</span> <span class='ocrx_word' id='word_1_182' title='bbox 549 3160 612 3224; x_wconf 89' lang='lat' dir='ltr'>sine</span> <span class='ocrx_word' id='word_1_183' title='bbox 639 3159 766 3221; x_wconf 88' lang='lat' dir='ltr'>numinis</span> <span class='ocrx_word' id='word_1_184' title='bbox 786 3161 884 3222; x_wconf 88' lang='lat' dir='ltr'>alflatu</span> <span class='ocrx_word' id='word_1_185' title='bbox 913 3162 1051 3222; x_wconf 86' lang='lat' dir='ltr'>cecinisse</span> <span class='ocrx_word' id='word_1_186' title='bbox 1081 3163 1182 3220; x_wconf 86' lang='lat' dir='ltr'>credas</span> <span class='ocrx_word' id='word_1_187' title='bbox 1210 3180 1264 3220; x_wconf 89' lang='lat' dir='ltr'>nee</span> <span class='ocrx_word' id='word_1_188' title='bbox 1298 3159 1428 3234; x_wconf 78' lang='lat' dir='ltr'>eniteris,</span> <span class='ocrx_word' id='word_1_189' title='bbox 1464 3178 1536 3218; x_wconf 85' lang='lat' dir='ltr'>san-</span> 
     </span>
     <span class='ocr_line' id='line_1_29' title="bbox 470 3242 1534 3327; baseline -0.003 -23"><span class='ocrx_word' id='word_1_190' title='bbox 470 3242 547 3309; x_wconf 75' lang='lat' dir='ltr'>otn&#39;ru</span> <span class='ocrx_word' id='word_1_191' title='bbox 575 3255 687 3327; x_wconf 81' lang='lat' dir='ltr'>poetam</span> <span class='ocrx_word' id='word_1_192' title='bbox 717 3254 867 3325; x_wconf 91' lang='lat' dir='ltr'>postquam</span> <span class='ocrx_word' id='word_1_193' title='bbox 894 3247 950 3307; x_wconf 89' lang='lat' dir='ltr'>hoo</span> <span class='ocrx_word' id='word_1_194' title='bbox 983 3265 1070 3306; x_wconf 80' lang='lat' dir='ltr'>renum</span> <span class='ocrx_word' id='word_1_195' title='bbox 1105 3244 1242 3305; x_wconf 80' lang='lat' dir='ltr'>carreriuis</span> <span class='ocrx_word' id='word_1_196' title='bbox 1270 3246 1367 3304; x_wconf 88' lang='lat' dir='ltr'>thema</span> <span class='ocrx_word' id='word_1_197' title='bbox 1401 3243 1534 3321; x_wconf 80' lang='lat' dir='ltr'>spiritale</span> 
     </span>
     <span class='ocr_line' id='line_1_30' title="bbox 470 3328 1532 3410; baseline -0.005 -20"><span class='ocrx_word' id='word_1_198' title='bbox 470 3341 497 3390; x_wconf 85' lang='lat' dir='ltr'>et</span> <span class='ocrx_word' id='word_1_199' title='bbox 526 3349 617 3410; x_wconf 88' lang='lat' dir='ltr'>paone</span> <span class='ocrx_word' id='word_1_200' title='bbox 644 3330 768 3390; x_wconf 80' lang='lat' dir='ltr'>coeleste</span> <span class='ocrx_word' id='word_1_201' title='bbox 795 3341 852 3391; x_wconf 90' lang='lat' dir='ltr'>tam</span> <span class='ocrx_word' id='word_1_202' title='bbox 883 3331 1031 3408; x_wconf 84' lang='lat' dir='ltr'>praeclare</span> <span class='ocrx_word' id='word_1_203' title='bbox 1061 3349 1097 3390; x_wconf 89' lang='lat' dir='ltr'>ue</span> <span class='ocrx_word' id='word_1_204' title='bbox 1132 3330 1225 3388; x_wconf 86' lang='lat' dir='ltr'>dicam</span> <span class='ocrx_word' id='word_1_205' title='bbox 1254 3328 1336 3389; x_wconf 77' lang='lat' dir='ltr'>urtice</span> <span class='ocrx_word' id='word_1_206' title='bbox 1363 3328 1532 3402; x_wconf 81' lang='lat' dir='ltr'>absolverit,</span> 
     </span>
     <span class='ocr_line' id='line_1_31' title="bbox 470 3411 1531 3493; baseline -0.001 -19"><span class='ocrx_word' id='word_1_207' title='bbox 470 3434 590 3492; x_wconf 90' lang='lat' dir='ltr'>prorsus</span> <span class='ocrx_word' id='word_1_208' title='bbox 617 3414 647 3473; x_wconf 88' lang='lat' dir='ltr'>in</span> <span class='ocrx_word' id='word_1_209' title='bbox 669 3412 816 3493; x_wconf 84' lang='lat' dir='ltr'>posterum</span> <span class='ocrx_word' id='word_1_210' title='bbox 844 3416 1008 3475; x_wconf 86' lang='lat' dir='ltr'>obticuisse.</span> <span class='ocrx_word' id='word_1_211' title='bbox 1064 3414 1181 3491; x_wconf 86' lang='lat' dir='ltr'>Peperit</span> <span class='ocrx_word' id='word_1_212' title='bbox 1206 3413 1295 3474; x_wconf 86' lang='lat' dir='ltr'>semei</span> <span class='ocrx_word' id='word_1_213' title='bbox 1324 3412 1374 3472; x_wconf 86' lang='lat' dir='ltr'>sed</span> <span class='ocrx_word' id='word_1_214' title='bbox 1407 3411 1531 3474; x_wconf 85' lang='lat' dir='ltr'>leonem.</span> 
     </span>
     <span class='ocr_line' id='line_1_32' title="bbox 469 3496 1533 3574; baseline -0.002 -18"><span class='ocrx_word' id='word_1_215' title='bbox 469 3496 567 3574; x_wconf 88' lang='lat' dir='ltr'>itaque</span> <span class='ocrx_word' id='word_1_216' title='bbox 580 3507 672 3573; x_wconf 88' lang='lat' dir='ltr'>recte,</span> <span class='ocrx_word' id='word_1_217' title='bbox 692 3505 723 3557; x_wconf 90' lang='lat' dir='ltr'>ut</span> <span class='ocrx_word' id='word_1_218' title='bbox 736 3516 774 3557; x_wconf 82' lang='lat' dir='ltr'>ex</span> <span class='ocrx_word' id='word_1_219' title='bbox 795 3498 892 3558; x_wconf 91' lang='lat' dir='ltr'>multis</span> <span class='ocrx_word' id='word_1_220' title='bbox 903 3499 1053 3559; x_wconf 87' lang='lat' dir='ltr'>Romanae</span> <span class='ocrx_word' id='word_1_221' title='bbox 1066 3497 1204 3558; x_wconf 67' lang='lat' dir='ltr'>eccelesiae</span> <span class='ocrx_word' id='word_1_222' title='bbox 1218 3499 1329 3556; x_wconf 81' lang='lat' dir='ltr'>ciuibus</span> <span class='ocrx_word' id='word_1_223' title='bbox 1344 3517 1431 3556; x_wconf 82' lang='lat' dir='ltr'>tuntum</span> <span class='ocrx_word' id='word_1_224' title='bbox 1447 3515 1533 3574; x_wconf 89' lang='lat' dir='ltr'>prae·</span> 
     </span>
     <span class='ocr_line' id='line_1_33' title="bbox 469 3579 1530 3662; baseline 0 -23"><span class='ocrx_word' id='word_1_225' title='bbox 469 3579 581 3639; x_wconf 89' lang='lat' dir='ltr'>clarum</span> <span class='ocrx_word' id='word_1_226' title='bbox 609 3579 750 3655; x_wconf 81' lang='lat' dir='ltr'>afferam,</span> <span class='ocrx_word' id='word_1_227' title='bbox 779 3581 949 3644; x_wconf 80' lang='lat' dir='ltr'>Muellerus</span> <span class='ocrx_word' id='word_1_228' title='bbox 979 3581 1122 3659; x_wconf 78' lang='lat' dir='ltr'>(Symbol.</span> <span class='ocrx_word' id='word_1_229' title='bbox 1145 3603 1172 3660; x_wconf 86' lang='lat' dir='ltr'>p.</span> <span class='ocrx_word' id='word_1_230' title='bbox 1196 3581 1281 3662; x_wconf 85' lang='lat'><strong>303.)</strong></span> <span class='ocrx_word' id='word_1_231' title='bbox 1312 3582 1347 3640; x_wconf 87' lang='lat' dir='ltr'>de</span> <span class='ocrx_word' id='word_1_232' title='bbox 1376 3579 1530 3659; x_wconf 78' lang='lat' dir='ltr'>aquinatis</span> 
     </span>
     <span class='ocr_line' id='line_1_34' title="bbox 468 3661 1528 3744; baseline -0.002 -21"><span class='ocrx_word' id='word_1_233' title='bbox 468 3661 644 3724; x_wconf 81' lang='lat' dir='ltr'>carminibus</span> <span class='ocrx_word' id='word_1_234' title='bbox 671 3663 744 3725; x_wconf 86' lang='lat' dir='ltr'>haee</span> <span class='ocrx_word' id='word_1_235' title='bbox 770 3663 928 3742; x_wconf 80' lang='lat' dir='ltr'>gloriatur:</span> <span class='ocrx_word' id='word_1_236' title='bbox 960 3665 1053 3739; x_wconf 85' lang='lat' dir='ltr'>„Wir</span> <span class='ocrx_word' id='word_1_237' title='bbox 1084 3666 1166 3725; x_wconf 86' lang='lat' dir='ltr'>beten</span> <span class='ocrx_word' id='word_1_238' title='bbox 1200 3668 1254 3725; x_wconf 85' lang='lat' dir='ltr'>den</span> <span class='ocrx_word' id='word_1_239' title='bbox 1289 3663 1528 3744; x_wconf 80' lang='lat' dir='ltr'>gebeimtrissvoll</span> 
     </span>
     <span class='ocr_line' id='line_1_35' title="bbox 467 3745 1550 3827; baseline -0.001 -22"><span class='ocrx_word' id='word_1_240' title='bbox 467 3746 705 3827; x_wconf 76' lang='lat' dir='ltr'>gegenudrtigeu</span> <span class='ocrx_word' id='word_1_241' title='bbox 732 3745 857 3807; x_wconf 82' lang='lat' dir='ltr'>Helland</span> <span class='ocrx_word' id='word_1_242' title='bbox 885 3747 926 3808; x_wconf 84' lang='lat' dir='ltr'>inu</span> <span class='ocrx_word' id='word_1_243' title='bbox 948 3747 1135 3809; x_wconf 87' lang='lat' dir='ltr'>Sacramente</span> <span class='ocrx_word' id='word_1_244' title='bbox 1156 3768 1208 3821; x_wconf 88' lang='lat' dir='ltr'>an,</span> <span class='ocrx_word' id='word_1_245' title='bbox 1237 3751 1370 3809; x_wconf 81' lang='lat' dir='ltr'>erlreuou</span> <span class='ocrx_word' id='word_1_246' title='bbox 1393 3767 1448 3821; x_wconf 75' lang='lat' dir='ltr'>nrm</span> <span class='ocrx_word' id='word_1_247' title='bbox 1469 3747 1550 3807; x_wconf 86' lang='lat' dir='ltr'>sei-·</span> 
     </span>
     <span class='ocr_line' id='line_1_36' title="bbox 467 3829 1526 3910; baseline -0.002 -18"><span class='ocrx_word' id='word_1_248' title='bbox 467 3850 520 3892; x_wconf 88' lang='lat' dir='ltr'>ner</span> <span class='ocrx_word' id='word_1_249' title='bbox 552 3829 874 3907; x_wconf 78' lang='lat' dir='ltr'>iibersehwengiicheu,</span> <span class='ocrx_word' id='word_1_250' title='bbox 907 3832 1153 3904; x_wconf 85' lang='lat' dir='ltr'>herahlassendeu</span> <span class='ocrx_word' id='word_1_251' title='bbox 1186 3832 1438 3910; x_wconf 77' lang='lat' dir='ltr'>Barmherzigkeit</span> <span class='ocrx_word' id='word_1_252' title='bbox 1470 3833 1526 3891; x_wconf 87' lang='lat' dir='ltr'>uttd</span> 
     </span>
     <span class='ocr_line' id='line_1_37' title="bbox 466 3912 1526 3996; baseline -0.001 -20"><span class='ocrx_word' id='word_1_253' title='bbox 466 3915 596 3977; x_wconf 85' lang='lat' dir='ltr'>driicheu</span> <span class='ocrx_word' id='word_1_254' title='bbox 624 3912 663 3974; x_wconf 89' lang='lat' dir='ltr'>im</span> <span class='ocrx_word' id='word_1_255' title='bbox 691 3914 795 3975; x_wconf 87' lang='lat' dir='ltr'>Prcis-</span> <span class='ocrx_word' id='word_1_256' title='bbox 822 3917 879 3975; x_wconf 92' lang='lat' dir='ltr'>nud</span> <span class='ocrx_word' id='word_1_257' title='bbox 906 3916 1082 3996; x_wconf 81' lang='lat' dir='ltr'>Lobgesang</span> <span class='ocrx_word' id='word_1_258' title='bbox 1110 3937 1214 3978; x_wconf 87' lang='lat' dir='ltr'>uusere</span> <span class='ocrx_word' id='word_1_259' title='bbox 1236 3919 1378 3978; x_wconf 84' lang='lat' dir='ltr'>fromnren</span> <span class='ocrx_word' id='word_1_260' title='bbox 1401 3916 1526 3977; x_wconf 84' lang='lat' dir='ltr'>Golbhlc</span> 
     </span>
     <span class='ocr_line' id='line_1_38' title="bbox 466 3992 1526 4080; baseline -0.003 -19"><span class='ocrx_word' id='word_1_261' title='bbox 466 4019 535 4071; x_wconf 87' lang='lat' dir='ltr'>aus,</span> <span class='ocrx_word' id='word_1_262' title='bbox 557 4019 589 4060; x_wconf 91' lang='lat' dir='ltr'>so</span> <span class='ocrx_word' id='word_1_263' title='bbox 612 3998 680 4058; x_wconf 87' lang='lat' dir='ltr'>sehr</span> <span class='ocrx_word' id='word_1_264' title='bbox 699 3992 744 4059; x_wconf 89' lang='lat' dir='ltr'>als</span> <span class='ocrx_word' id='word_1_265' title='bbox 766 4019 796 4059; x_wconf 91' lang='lat' dir='ltr'>es</span> <span class='ocrx_word' id='word_1_266' title='bbox 819 4001 863 4059; x_wconf 90' lang='lat' dir='ltr'>die</span> <span class='ocrx_word' id='word_1_267' title='bbox 886 4001 1005 4078; x_wconf 80' lang='lat' dir='ltr'>gittlich</span> <span class='ocrx_word' id='word_1_268' title='bbox 1029 4001 1168 4080; x_wconf 81' lang='lat' dir='ltr'>beseligte</span> <span class='ocrx_word' id='word_1_269' title='bbox 1190 4001 1432 4063; x_wconf 89' lang='lat' dir='ltr'>Meuschenbrnst</span> <span class='ocrx_word' id='word_1_270' title='bbox 1460 4020 1526 4060; x_wconf 84' lang='lat' dir='ltr'>ner-</span> 
     </span>
     <span class='ocr_line' id='line_1_39' title="bbox 466 4083 1526 4165; baseline -0.002 -20"><span class='ocrx_word' id='word_1_271' title='bbox 466 4089 568 4163; x_wconf 79' lang='lat' dir='ltr'>mag.“</span> <span class='ocrx_word' id='word_1_272' title='bbox 610 4083 709 4161; x_wconf 88' lang='lat' dir='ltr'>Neque</span> <span class='ocrx_word' id='word_1_273' title='bbox 732 4090 825 4143; x_wconf 88' lang='lat' dir='ltr'>tamen</span> <span class='ocrx_word' id='word_1_274' title='bbox 853 4087 907 4144; x_wconf 91' lang='lat' dir='ltr'>soli</span> <span class='ocrx_word' id='word_1_275' title='bbox 929 4087 1079 4146; x_wconf 86' lang='lat' dir='ltr'>Romanae</span> <span class='ocrx_word' id='word_1_276' title='bbox 1101 4086 1240 4146; x_wconf 87' lang='lat' dir='ltr'>ecelesiae</span> <span class='ocrx_word' id='word_1_277' title='bbox 1261 4086 1370 4165; x_wconf 88' lang='lat' dir='ltr'>placuit</span> <span class='ocrx_word' id='word_1_278' title='bbox 1392 4103 1526 4153; x_wconf 76' lang='lat' dir='ltr'>carnion:</span> 
     </span>
     <span class='ocr_line' id='line_1_40' title="bbox 465 4169 1594 4247; baseline 0 -19"><span class='ocrx_word' id='word_1_279' title='bbox 465 4172 541 4246; x_wconf 90' lang='lat' dir='ltr'>apud</span> <span class='ocrx_word' id='word_1_280' title='bbox 563 4169 744 4228; x_wconf 89' lang='lat' dir='ltr'>Lutberanos</span> <span class='ocrx_word' id='word_1_281' title='bbox 765 4188 877 4246; x_wconf 88' lang='lat' dir='ltr'>quoqne</span> <span class='ocrx_word' id='word_1_282' title='bbox 906 4169 1063 4247; x_wconf 83' lang='lat' dir='ltr'>plurimum</span> <span class='ocrx_word' id='word_1_283' title='bbox 1091 4181 1207 4230; x_wconf 87' lang='lat' dir='ltr'>nactum</span> <span class='ocrx_word' id='word_1_284' title='bbox 1237 4180 1280 4230; x_wconf 86' lang='lat' dir='ltr'>est</span> <span class='ocrx_word' id='word_1_285' title='bbox 1301 4169 1396 4230; x_wconf 88' lang='lat' dir='ltr'>laudis</span> <span class='ocrx_word' id='word_1_286' title='bbox 1419 4179 1447 4229; x_wconf 92' lang='lat' dir='ltr'>et</span> <span class='ocrx_word' id='word_1_287' title='bbox 1469 4171 1530 4229; x_wconf 91' lang='lat' dir='ltr'>ad·-</span> <span class='ocrx_word' id='word_1_288' title='bbox 1589 4194 1594 4203; x_wconf 87' lang='grc'><strong><em>·</em></strong></span> 
     </span>
     <span class='ocr_line' id='line_1_41' title="bbox 465 4252 1525 4332; baseline 0.001 -20"><span class='ocrx_word' id='word_1_289' title='bbox 465 4254 636 4318; x_wconf 84' lang='lat' dir='ltr'>mirationis.</span> <span class='ocrx_word' id='word_1_290' title='bbox 683 4252 827 4312; x_wconf 88' lang='lat' dir='ltr'>Lutberus</span> <span class='ocrx_word' id='word_1_291' title='bbox 849 4252 961 4330; x_wconf 89' lang='lat' dir='ltr'>quidem</span> <span class='ocrx_word' id='word_1_292' title='bbox 982 4253 1187 4313; x_wconf 87' lang='lat' dir='ltr'>incredibiliter</span> <span class='ocrx_word' id='word_1_293' title='bbox 1206 4255 1235 4314; x_wconf 90' lang='lat' dir='ltr'>in</span> <span class='ocrx_word' id='word_1_294' title='bbox 1258 4272 1375 4332; x_wconf 86' lang='lat' dir='ltr'>prosam</span> <span class='ocrx_word' id='word_1_295' title='bbox 1392 4255 1525 4314; x_wconf 79' lang='lat' dir='ltr'>Thoosae</span> 
     </span>
     <span class='ocr_line' id='line_1_42' title="bbox 462 4336 1524 4417; baseline 0 -21"><span class='ocrx_word' id='word_1_296' title='bbox 462 4338 602 4399; x_wconf 83' lang='lat' dir='ltr'>desaeviit</span> <span class='ocrx_word' id='word_1_297' title='bbox 624 4336 686 4417; x_wconf 87' lang='lat' dir='ltr'>(W.</span> <span class='ocrx_word' id='word_1_298' title='bbox 707 4336 792 4414; x_wconf 79' lang='lat' dir='ltr'>xlx,</span> <span class='ocrx_word' id='word_1_299' title='bbox 817 4357 846 4416; x_wconf 89' lang='lat' dir='ltr'>p.</span> <span class='ocrx_word' id='word_1_300' title='bbox 869 4337 990 4415; x_wconf 79' lang='lat'>1372.):</span> <span class='ocrx_word' id='word_1_301' title='bbox 1023 4337 1091 4411; x_wconf 84' lang='lat' dir='ltr'>„Es</span> <span class='ocrx_word' id='word_1_302' title='bbox 1117 4341 1203 4417; x_wconf 79' lang='lat' dir='ltr'>gebet</span> <span class='ocrx_word' id='word_1_303' title='bbox 1231 4339 1270 4399; x_wconf 91' lang='lat' dir='ltr'>im</span> <span class='ocrx_word' id='word_1_304' title='bbox 1299 4339 1446 4416; x_wconf 75' lang='lat' dir='ltr'>Sclruaug</span> <span class='ocrx_word' id='word_1_305' title='bbox 1474 4340 1524 4397; x_wconf 90' lang='lat' dir='ltr'>der</span> 
     </span>
     <span class='ocr_line' id='line_1_43' title="bbox 463 4420 1523 4500; baseline -0.001 -18"><span class='ocrx_word' id='word_1_306' title='bbox 463 4420 583 4500; x_wconf 76' lang='lat' dir='ltr'>Gesang</span> <span class='ocrx_word' id='word_1_307' title='bbox 613 4443 665 4481; x_wconf 87' lang='lat' dir='ltr'>von</span> <span class='ocrx_word' id='word_1_308' title='bbox 692 4424 756 4481; x_wconf 91' lang='lat' dir='ltr'>dem</span> <span class='ocrx_word' id='word_1_309' title='bbox 784 4420 854 4480; x_wconf 84' lang='lat' dir='ltr'>Fest</span> <span class='ocrx_word' id='word_1_310' title='bbox 881 4421 930 4480; x_wconf 88' lang='lat' dir='ltr'>des</span> <span class='ocrx_word' id='word_1_311' title='bbox 956 4420 1130 4483; x_wconf 86' lang='lat' dir='ltr'>Leiehnams</span> <span class='ocrx_word' id='word_1_312' title='bbox 1157 4422 1282 4500; x_wconf 83' lang='lat' dir='ltr'>Christi,</span> <span class='ocrx_word' id='word_1_313' title='bbox 1318 4424 1443 4483; x_wconf 84' lang='lat' dir='ltr'>wolober</span> <span class='ocrx_word' id='word_1_314' title='bbox 1469 4440 1523 4482; x_wconf 85' lang='lat' dir='ltr'>aus</span> 
     </span>
     <span class='ocr_line' id='line_1_44' title="bbox 460 4503 1522 4586; baseline 0.002 -22"><span class='ocrx_word' id='word_1_315' title='bbox 460 4504 519 4566; x_wconf 81' lang='lat' dir='ltr'>viel</span> <span class='ocrx_word' id='word_1_316' title='bbox 549 4507 669 4566; x_wconf 84' lang='lat' dir='ltr'>Oertern</span> <span class='ocrx_word' id='word_1_317' title='bbox 698 4508 749 4566; x_wconf 86' lang='lat' dir='ltr'>der</span> <span class='ocrx_word' id='word_1_318' title='bbox 776 4503 886 4566; x_wconf 86' lang='lat' dir='ltr'>Sobrilt</span> <span class='ocrx_word' id='word_1_319' title='bbox 916 4503 954 4564; x_wconf 89' lang='lat' dir='ltr'>ist</span> <span class='ocrx_word' id='word_1_320' title='bbox 986 4507 1286 4586; x_wconf 83' lang='lat' dir='ltr'>uursammengclliekt,</span> <span class='ocrx_word' id='word_1_321' title='bbox 1320 4507 1440 4568; x_wconf 85' lang='lat' dir='ltr'>dariuuo</span> <span class='ocrx_word' id='word_1_322' title='bbox 1476 4507 1522 4566; x_wconf 87' lang='lat' dir='ltr'>die</span> 
     </span>
     <span class='ocr_line' id='line_1_45' title="bbox 461 4585 1522 4672; baseline 0.002 -23"><span class='ocrx_word' id='word_1_323' title='bbox 461 4585 571 4651; x_wconf 81' lang='lat' dir='ltr'>Schritt</span> <span class='ocrx_word' id='word_1_324' title='bbox 590 4589 654 4653; x_wconf 90' lang='lat' dir='ltr'>also</span> <span class='ocrx_word' id='word_1_325' title='bbox 675 4609 854 4669; x_wconf 77' lang='lat' dir='ltr'>geannngou</span> <span class='ocrx_word' id='word_1_326' title='bbox 875 4589 932 4653; x_wconf 91' lang='lat' dir='ltr'>und</span> <span class='ocrx_word' id='word_1_327' title='bbox 956 4588 1000 4651; x_wconf 89' lang='lat' dir='ltr'>bei</span> <span class='ocrx_word' id='word_1_328' title='bbox 1020 4593 1076 4653; x_wconf 90' lang='lat' dir='ltr'>deu</span> <span class='ocrx_word' id='word_1_329' title='bbox 1089 4591 1207 4656; x_wconf 86' lang='lat' dir='ltr'>Haaren</span> <span class='ocrx_word' id='word_1_330' title='bbox 1227 4592 1300 4654; x_wconf 88' lang='lat' dir='ltr'>dazu</span> <span class='ocrx_word' id='word_1_331' title='bbox 1321 4611 1452 4672; x_wconf 77' lang='lat' dir='ltr'>gezogeu</span> <span class='ocrx_word' id='word_1_332' title='bbox 1475 4591 1522 4670; x_wconf 90' lang='lat' dir='ltr'>ist,</span> 
     </span>
    </p>
   </div>
   <div class='ocr_carea' id='block_1_9' title="bbox 0 0 1880 5400">
    <p class='ocr_par' dir='ltr' id='par_1_11' title="bbox 0 0 1880 5400">
     <span class='ocr_line' id='line_1_46' title="bbox 0 0 1880 5400; baseline 0 9"><span class='ocrx_word' id='word_1_333' title='bbox 0 0 1880 5400; x_wconf 95' lang='lat' dir='ltr'> </span> 
     </span>
    </p>
   </div>
  </div>
 </body>
</html>
