3750 5400
680 667 686 674 ’
777 802 781 806 ,
878 692 984 784 att

878 864 1022 950 ιιιιιι.’

758 1022 814 1090 oe
831 1019 1045 1113 cronno.
1058 1020 1111 1101 eo)

401 1139 446 1226 Ab
467 1138 742 1220 taurominio,

402 1223 500 1288 corno
519 1236 617 1289 vestre
636 1226 749 1290 subdite

402 1310 480 1392 negt
502 1331 578 1375 novo
599 1312 740 1391 gentium.
764 1373 767 1382 ,

401 1427 497 1491 Stella
517 1426 666 1491 Christum
688 1427 847 1509 praedicet,

312 1534 317 1544 ¹
401 1511 483 1574 lutus
502 1512 574 1573 fides
593 1512 701 1574 iudicet

401 1594 624 1677 Redemptorem
645 1597 784 1667 omniunt.

401 1712 469 1779 Huc
489 1713 592 1777 efferte
614 1735 736 1778 munere

401 1798 557 1863 Voloutete
579 1799 692 1877 libere,

309 1940 313 1946 .
403 1879 463 1945 Sed
483 1902 604 1945 munere
624 1886 763 1948 cordium.

401 1998 485 2062 Haec
505 2000 560 2063 crit
581 2004 750 2084 gratissime
807 2085 811 2092 Ι

402 2083 550 2147 Solratori
573 2088 708 2167 victima,

402 2165 511 2231 Mentis
532 2169 719 2247 sacrificium.
771 2193 774 2198 ·

402 2284 514 2349 Aurum
536 2287 621 2350 offert
642 2289 764 2369 ueritus,

402 2368 442 2431 Et
463 2373 613 2451 myrrbcm
635 2374 808 2455 austeritas,

404 2452 442 2518 Et
463 2456 531 2522 thus
552 2457 738 2523 desiderium.

959 1143 1040 1204 Auro
1062 1133 1324 1220 resngnuscitur,

959 1225 1055 1288 Homo
1078 1225 1214 1305 myrrha,
1236 1226 1343 1288 colitur
1411 1273 1413 1280 .

960 1306 1063 1372 Thure
1082 1308 1163 1370 Deus
1184 1311 1328 1390 gentium.

960 1428 1084 1508 induce,
1108 1427 1302 1505 gaudentibus

960 1511 1028 1574 Non
1045 1510 1143 1574 invide
1164 1512 1301 1590 gentibus
1337 1515 1347 1578 ,“

961 1596 1114 1659 Retcutum
1136 1595 1316 1677 mysterium.

960 1713 1032 1776 Post
1052 1714 1185 1776 custodes
1204 1713 1303 1776 orium
1355 1761 1357 1766 .

837 1843 848 1880 4
962 1797 1003 1859 Se
1021 1798 1105 1878 Magi
1122 1796 1256 1872 ¹bdelium

960 1882 1091 1963 luugnut
1113 1883 1144 1944 in
1165 1880 1356 1946 consortium.
1412 1957 1416 1966 ἱ

962 2000 1021 2076 Qui
1041 2001 1162 2075 ludaeos
1181 2001 1305 2062 advocat
1357 2003 1360 2010 '

962 2084 1113 2164 Christos,
1134 2094 1236 2165 gestes
1257 2097 1396 2162 comunem

963 2169 1105 2232 inunum
1128 2169 1287 2250 tugurium.

960 2288 1112 2350 Bethleem
1133 2286 1166 2348 fir
1184 2286 1271 2350 hotto

963 2373 1073 2435 Totins
1094 2372 1247 2446 Ecclesiae
1339 2409 1342 2414 ,
1393 2411 1395 2418 .
1422 2407 1426 2414 -

963 2457 1118 2519 Nascentis
1139 2456 1303 2522 exordium.
1424 2477 1427 2484 ¹

699 2577 817 2656 Reguet
837 2574 974 2639 Christus
995 2575 1147 2653 cordibus,

697 2660 736 2723 Et
757 2660 841 2724 victis
862 2661 1023 2723 rebellibus

701 2747 835 2813 Proferri
857 2745 1022 2827 imperinm.

871 2897 1019 2917 τινι--ν

897 3023 989 3095 XIX.

733 3168 790 3233 De
814 3173 969 3254 passione
996 3168 1147 3233 Domini.¹

403 3281 514 3364 Ecquis
538 3284 621 3350 binas
643 3287 826 3353 columbinus

443 3369 515 3431 blus
536 3372 614 3432 dabit
635 3374 772 3434 animae?

376 3452 380 3457 ’
401 3447 442 3510 Ut
462 3452 493 3512 in
512 3455 620 3518 alinum
642 3459 738 3520 crucis
759 3459 888 3539 palmum

443 3533 548 3598 Euolet
567 3540 723 3620 citissime,

401 3614 434 3676 lu
454 3635 511 3695 qua
533 3622 613 3684 lesus
635 3633 712 3688 totos
733 3627 850 3703 laesos,

443 3700 530 3765 Orbis
551 3704 743 3787 desiderium,

399 3782 438 3845 Et
460 3785 619 3851 immensos
638 3802 683 3852 cst
700 3811 877 3872 suspensus,

442 3867 552 3934 Factus
572 3875 797 3955 improperium!

401 3985 499 4050 Ooor
519 3993 641 4070 scande,
664 3992 729 4055 lesu
751 3994 844 4072 bondo

441 4070 601 4139 Cburitatis
622 4076 751 4153 risorio,

398 4153 437 4215 llt
458 4160 600 4237 profunde
622 4181 669 4222 ruo
688 4163 812 4222 reconde

441 4239 520 4304 lntrr
541 4263 626 4307 sacru
648 4247 787 4319 vulneror

398 4319 432 4382 ln
452 4342 579 4403 superna
597 4350 644 4391 me
667 4328 791 4391 curenno

441 4402 561 4472 colloco
582 4412 743 4484 maceriam

398 4484 456 4547 llio
475 4489 601 4573 virenti,
623 4497 780 4575 quiescenti

440 4569 523 4637 Finis
547 4588 593 4641 cst
612 4579 758 4644 miserior.

962 3289 988 3351 0
1010 3287 1049 3349 mi
1071 3287 1169 3366 Dens,
1192 3306 1277 3349 amor
1297 3289 1398 3351 mens!

1004 3373 1091 3433 Tunc
1111 3362 1164 3450 pro
1187 3392 1234 3433 me
1256 3373 1391 3453 puteris?

961 3456 1076 3534 Proque
1097 3455 1234 3537 indiguo,
1253 3459 1351 3520 mucis
1373 3456 1444 3539 ligno

1005 3541 1071 3601 lesu
1093 3541 1133 3601 mi
1154 3541 1328 3621 suffigeris'l

961 3625 1020 3687 Pro
1042 3625 1170 3700 latrone,
1188 3627 1260 3687 losn
1283 3627 1375 3703 bene,

1005 3711 1053 3770 'ro
1075 3709 1105 3769 in
1127 3708 1244 3771 crucem
1265 3708 1393 3771 tolleris!
1439 3713 1441 3718 ’

961 3793 1019 3855 Pro
1043 3795 1171 3870 peccatis
1191 3794 1285 3871 meis,
1309 3793 1401 3872 gratis

1003 3876 1071 3940 vira
1090 3896 1158 3939 meu
1179 3877 1323 3940 moreris!

961 3995 1029 4059 Non
1049 4015 1116 4057 sum
1137 3995 1227 4073 tanti,
1247 3995 1331 4056 lesu!
1354 3991 1442 4074 quanti

1002 4081 1095 4141 uuor
1117 4076 1184 4140 tirus
1204 4080 1358 4151 aestimat3

961 4163 1027 4226 Heu
1049 4185 1101 4225 cor
1123 4183 1178 4243 ego
1201 4163 1294 4227 vitem
1316 4166 1407 4242 dego,

1004 4246 1037 4306 si
1060 4267 1110 4309 cor
1132 4257 1159 4308 te
1176 4269 1241 4311 ‚non
1267 4246 1416 4310 redemutl
1467 4272 1469 4282 ·

962 4329 1135 4393 Benedictus
1155 4330 1193 4392 sit
1217 4333 1345 4395 invictus

1003 4417 1095 4475 Amor
1114 4418 1236 4478 vincens
1259 4417 1377 4491 omnia,

959 4495 1050 4558 Amor
1072 4499 1172 4577 fortis,
1194 4501 1254 4561 tclu
1275 4499 1378 4562 mertis

1001 4581 1153 4661 Reputans
1176 4593 1207 4644 nt
1229 4585 1353 4651 somnio.
