3750 5400
878 423 886 461 l

794 675 804 682 ’
882 634 981 766 aaa

403 869 477 945 Quis
500 885 558 930 uuu
575 869 663 929 <lebet
683 867 865 931 contristari·
918 911 923 926 ι
954 868 1016 931 Fac
1036 885 1084 927 rrrc
1103 861 1381 947 plagis'ruluerari,

401 954 548 1033 Haecque·
563 963 684 1014 matrem
702 953 891 1035 comtemplari
949 952 1049 1015 ‘cruce
1071 952 1127 1013 lrac
1148 950 1321 1028 inebriari„
1428 977 1434 997 κ

401 1038 557 1099 Dcleutem
580 1058 646 1099 curu
667 1036 744 1098 iilic:
955 1038 986 1098 lu
1009 1056 1107 1098 aruure
1126 1035 1179 1097 lilii

402 1123 477 1198 Quis
500 1134 544 1183 est
564 1122 651 1183 lrcmu
671 1122 729 1201 *qui
751 1141 809 1181 ucu
830 1122 913 1185 lleret
956 1122 1152 1184 lullamruetus
1171 1128 1200 1181 et
1220 1138 1359 1181 accensus
1453 1133 1458 1152 ··

400 1206 529 1269 Matrem
550 1205 660 1267 Christi
682 1209 710 1267 'si
732 1207 842 1270 rideret
954 1206 1012 1269 Per
1033 1217 1060 1267 te
1081 1206 1166 1283 virgo
1187 1204 1244 1267 sim
1263 1204 1400 1266 deferrem

401 1283 536 1354 lu'tautu
558 1290 713 1371 supplicio.
956 1293 989 1354 lu
1008 1291 1055 1352 die
1076 1288 1183 1352 iudicii.
1290 1337 1323 1345 ..

400 1460 461 1525 Prc
485 1458 610 1539 peccatis
633 1478 703 1521 cuae
726 1457 823 1539 gualis
956 1460 1018 1521 Fac
1040 1478 1087 1520 rue
1107 1478 1193 1538 cruce
1214 1457 1352 1518 custodiri

356 1610 361 1619 ,
401 1543 481 1603 viru
500 1542 647 1605 Christum
669 1543 701 1605 iu
719 1542 872 1610 tormentis
956 1545 1053 1606 Marte
1073 1543 1180 1606 Christi
1201 1542 1378 1623 praemuniri

402 1628 442 1690 m
458 1628 584 1708 flagellis
604 1630 765 1690 subditum:
871 1665 874 1670 ·
957 1630 995 1691 Et
1016 1629 1107 1691 foveri
1130 1628 1242 1708 gratia,
1315 1645 1317 1653 ’
1490 1692 1493 1699 ,

401 1711 483 1774 vita
504 1732 588 1773 suum
610 1714 722 1774 dulcem
737 1723 845 1775 matum
958 1715 997 1775 Ut
1019 1731 1085 1775 cum
1107 1732 1212 1793 corpus
1233 1710 1372 1775 morietur
1453 1760 1462 1783 ,
1547 1730 1550 1746 ·

404 1789 596 1875 Morieritem,
626 1798 786 1859 desclatum
957 1789 1028 1859 Vita
1042 1793 1119 1859 ¹felia
1141 1793 1294 1859 lucitcetur

404 1879 480 1958 Cum
502 1880 597 1944 emisit
618 1882 762 1964 spiritum.
956 1881 1128 1945 incoelesti
1150 1881 1256 1963 gloria.
1311 1943 1313 1950 ,

403 2049 461 2113 Eia
481 2061 588 2129 mater,
610 2047 675 2116 lons
697 2050 806 2113 ameris
956 2052 1050 2133 Virgo
1073 2049 1167 2113 dulcis
1189 2045 1346 2128 cMaria,

405 2134 457 2206 Me
480 2135 588 2197 seutiae
609 2135 667 2196 viru
690 2136 814 2197 doloris
869 2193 871 2201 ,
935 2161 936 2164 ’
958 2139 1006 2200 Tu
1022 2136 1157 2217 plorabas
1176 2154 1246 2196 vnce
1267 2132 1330 2213 piar

407 2217 469 2280 Fac
491 2209 523 2281 irt
543 2215 636 2284 tecum
658 2216 791 2300 lugeam:
883 2221 886 2226 ’
958 2221 1064 2283 Coram
1087 2211 1299 2281 cruce'filium:

405 2302 468 2365 Fac
490 2314 521 2365 ut
542 2305 642 2365 ardeat
663 2324 713 2366 cur
734 2324 831 2365 meum
956 2307 1157 2383 Ruurpelratur
1179 2325 1228 2363 ccr
1249 2302 1365 2367 Mariae
1440 2323 1462 2366 ’.

404 2387 437 2448 lu
458 2390 580 2450 amando
601 2386 764 2451 Christum?
777 2389 872 2451 Deum
958 2390 1147 2469 Deplorautis
1169 2388 1340 2470 valde‘ple:
1378 2391 1380 2396 ’

359 2538 361 2550 ,
404 2472 445 2533 Ut
467 2474 518 2533 riui
540 2473 745 2554 complaceam.
958 2475 1049 2540 Ofili
1069 2473 1246 2536 dulcissime.

406 2640 515 2703 Sancta
542 2652 653 2721 mater,
680 2641 756 2704 illud
777 2660 869 2724 ages,
959 2642 1034 2707 Cum
1054 2654 1189 2721 tepccruc
1218 2642 1402 2722 morientem,

404 2725 542 2803 Cruciliri
563 2728 622 2807 fige
644 2727 748 2807 plagas
960 2731 1026 2808 ugo
1049 2729 1139 2808 perde
1161 2748 1211 2788 cor·
1232 2739 1259 2788 et
1280 2742 1410 2791 mentem

405 2809 578 2881 Cardimco
601 2813 741 2873 ualidae
958 2815 997 2877 Et
1018 2811 1243 2876 tctadeficicr-
1356 2876 1359 2883 ι

406 2894 465 2958 Τυί
487 2894 728 2975 ueti'vuluerati,
836 2910 840 2915 ’
958 2898 1138 2969 Occlumlm
1158 2897 1221 2959 siue
1241 2896 1328 2958 lelle-
1459 2903 1461 2912 '

405 2981 470 3042 lam
490 2981 600 3061 dignati
623 3002 674 3060 pru
696 3001 744 3042 rue
765 2978 826 3058 pati
957 2983 1019 3066 llas
1040 2982 1115 3043 dulei
1139 2981 1256 3060 pleuum
1278 2980 1425 3063 mellept)

405 3073 520 3132 Pceuas
542 3085 655 3127 mecum
677 3066 782 3131 (livide.
959 3067 1047 3129 Ofili
1071 3067 1211 3147 piissime.

407 3236 469 3298 Fac
491 3255 538 3296 me
559 3255 627 3298 vere
649 3243 742 3296 tecum
761 3234 848 3313 flere,
959 3236 1009 3298 Tu
1031 3255 1077 3296 me
1100 3233 1180 3294 vides
1202 3233 1363 3296 desolatam
1457 3246 1460 3255 “

407 3319 556 3381 Crucifixc
577 3321 728 3380 condolere
960 3320 1150 3396 Semivivaur,
1171 3317 1319 3379 anxiatam

406 3404 506 3467 Donec
525 3406 630 3465 mundo
652 3405 770 3467 uixerat
960 3407 998 3467 Et
1021 3403 1091 3465 milri
1114 3423 1170 3462 ucu
1194 3402 1341 3483 loqueris:

406 3489 493 3550 luxta
514 3509 627 3550 crucem
650 3500 743 3551 tecum
764 3496 862 3566 stare,
961 3492 987 3551 0
1010 3487 1142 3561 Gabriel,
1164 3487 1234 3547 illud
1255 3506 1320 3566 ave,

409 3574 454 3633 Te
476 3575 597 3634 libenter
617 3574 729 3635 sociare
960 3568 1054 3636 Dulce
1076 3572 1164 3634 nimis
1187 3584 1214 3632 et
1229 3592 1319 3633 suave

409 3657 485 3720 Cum
506 3657 622 3738 plauctu
643 3658 783 3722 desidera.
961 3659 1046 3722 Nuuc
1065 3660 1113 3719 dal
1134 3655 1205 3719 milri
1227 3659 1379 3738 gemitum.
1482 3734 1484 3739 Ι

408 3845 500 3925 Virgo
523 3841 677 3922 Virginem
706 3844 857 3923 praeclara
962 3847 1048 3908 Nuuc
1069 3853 1219 3904 vertuntur
1246 3845 1276 3905 iu
1294 3858 1470 3926 'moerorem

410 3930 468 3990 Seel
490 3949 566 3989 nuuc
588 3930 689 4002 «luleus,¹
709 3941 736 3990 et
758 3948 875 4007 amara,
961 3932 1000 3992 Et
1022 3931 1051 3990 iu
1073 3930 1193 4004 luetum‘,
1216 3939 1244 3988 et
1256 3931 1385 3992 delorem

407 4015 469 4076 Fac
487 4035 533 4075 mc
556 4023 648 4075 tecum
678 4015 835 4094 plangere,
962 4014 1107 4077 Nuuciata
1129 4015 1250 4092 gaudia:
1314 4028 1316 4035 ’

408 4099 469 4161 Fac
491 4109 521 4160 ut
542 4117 644 4176 geram
657 4099 766 4160 Christi
788 4107 918 4179 mertem,
962 4100 1037 4161 Mihi
1059 4110 1184 4177 ueraque
1206 4097 1376 4161 euaristus

408 4182 563 4246 Passiuuis
585 4183 647 4243 eius
669 4195 778 4246 sertem
843 4252 848 4258 ,
960 4185 999 4246 Et
1021 4182 1155 4258 iucruce
1178 4181 1360 4244 conclavatus
1399 4187 1402 4191 ’
1447 4200 1455 4208 ‘

408 4268 447 4331 m
467 4269 572 4350 plagas
593 4269 730 4335 recolere.
962 4267 1020 4347 Qui
1039 4289 1085 4330 mc
1107 4266 1200 4347 replet
1218 4263 1324 4344 gratia.

407 4471 712 4487 m

477 4601 509 4668 ²⁸)
526 4607 602 4661 Fert.
619 4625 635 4661 0
653 4625 709 4660 ras.
