3750 5400
855 674 945 748 118
966 720 969 728 ·

357 846 648 932 pora''adhiberent,
684 851 736 911 sed
772 849 858 913 etiam
894 850 1054 931 qrricnnquo
1080 841 1145 917 'non
1175 857 1291 921 nomino
1320 861 1371 922 sed
1392 882 1424 924 ra

360 942 443 996 orant
475 943 576 1015 poetae
605 934 737 1012 exemplo
766 934 823 996 sibi
848 946 1040 1017 proponerent
1066 948 1094 1000 et
1121 940 1152 1000 iu
1170 959 1240 1005 snos
1263 964 1335 1007 usus
1355 965 1425 1008 oon·

334 1025 473 1082 'ramere
499 1020 654 1085 studerent.
695 1016 747 1082 Sic
772 1022 803 1081 in
832 1011 930 1081 lushiui
958 1021 1083 1083 Korneri
1111 1034 1178 1085 noto
1200 1031 1332 1104 polimatc'
1354 1030 1422 1102 (Dia

313 1112 323 1116 “
358 1103 582 1182 wabusinnigen
600 1101 726 1181 Brbder)
748 1115 869 1184 quotuor
889 1106 996 1167 iratres
1018 1106 1099 1187 impii
1119 1108 1168 1188 qni
1191 1112 1227 1170 ad
1249 1130 1333 1173 sacra
1349 1109 1423 1174 irri·
1523 1183 1533 1194 ..

358 1189 452 1250 denda
464 1189 574 1249 aedem
594 1186 720 1266 ingressi
743 1198 824 1251 erant
846 1189 953 1267 hymno
983 1204 1081 1251 nostro
1103 1194 1199 1271 puncti
1220 1192 1250 1255 in
1272 1196 1422 1259 meliorem

358 1293 391 1333 sa
412 1274 529 1350 frugem
552 1270 708 1351 recipiunt,
737 1284 779 1349 et,
810 1284 839 1333 nt
859 1273 982 1334 alterum
1005 1277 1171 1355 exemplum
1194 1279 1330 1356 alienam,
1361 1282 1422 1342 Gii-
1510 1324 1518 1340 .

357 1354 435 1418 thius
450 1356 650 1435 Margaretam
673 1359 704 1417 in
725 1357 847 1420 eeclesia
869 1359 1024 1418 cathedrali
1044 1358 1131 1422 huius
1146 1360 1316 1441 Sequentiae
1337 1364 1421 1444 quasi

356 1440 530 1503 fulminibus
557 1449 661 1502 tactam
689 1441 758 1502 lacit
784 1452 812 1502 et
840 1444 1048 1504 conturbatam.
1078 1442 1224 1525 ,Denique
1253 1467 1290 1508 ex
1320 1452 1420 1512 eadem

358 1524 498 1586 carminis
528 1525 704 1602 praestantia
731 1526 831 1602 llnxit,
861 1527 935 1605 qnod
964 1546 1153 1607 permagnum
1176 1550 1331 1609 numerum
1354 1555 1419 1596 cum

358 1629 458 1670 eorum
479 1610 528 1689 qui
551 1609 582 1669 in
609 1607 741 1689 linguam
763 1612 948 1673 vernaculam
968 1612 1188 1690 diligentissime
1210 1609 1417 1679 transtulerunt

357 1703 419 1756 tam
440 1693 542 1755 eor'um
565 1691 611 1773 rpui
633 1694 663 1755 in
685 1714 718 1755 ao
740 1696 909 1774 exponendo
934 1706 962 1755 et
983 1695 1154 1757 illustrando
1168 1702 1331 1763 accuratius
1352 1722 1419 1763 uer·

357 1778 412 1840 sati
426 1788 510 1853 sont,
534 1788 649 1841 nactum
664 1789 722 1840 ast:
745 1798 800 1858 qua
815 1779 929 1857 quidem
950 1778 980 1840 in
1002 1799 1035 1839 ra
1050 1780 1208 1843 Germania
1232 1795 1332 1846 nostra
1351 1808 1420 1865 pro-

357 1864 404 1923 cul
425 1861 512 1922 dubio
533 1861 814 1942 plurimumoperae
836 1862 988 1923 collocarit
1009 1866 1207 1938 etmaximam
1230 1867 1343 1930 laudem
1361 1870 1417 1932 sibi

356 1947 545 2024 comparavit.
592 1946 631 2007 Ut
659 1967 709 2009 eos
738 1948 785 2027 qui
814 1947 843 2007 in
863 1948 919 2009 hoc
937 1966 1045 2026 genere
1065 1949 1191 2021 maxime
1212 1952 1419 2034 excelluerunt,

355 2030 525 2094 nominatim
554 2032 755 2110 proferamus,
785 2033 877 2111 primo
906 2030 969 2099 loco
999 2030 1221 2095 Mohnilrius
1250 2046 1278 2095 et
1306 2037 1418 2098 Lisco

356 2114 516 2176 collocandi
551 2114 698 2183 videntur:
732 2136 852 2195 quorum
879 2113 948 2191 ille,
984 2125 1169 2194 praematura
1201 2129 1293 2180 morte
1324 2120 1419 2184 literis

355 2209 490 2278 ereptos,
517 2199 711 2261 doctissimam
733 2202 767 2259 de
789 2200 898 2281 hymno
920 2200 1341 2282 commentationemscripsit,
1369 2206 1418 2267 hic

354 2284 416 2345 lero
445 2304 546 2346 omues
574 2303 647 2363 quaa
676 2292 790 2346 exstant
816 2301 920 2363 prosae
948 2283 1097 2346 versiones
1121 2286 1336 2349 accuratissimo
1357 2290 1419 2351 ool·
1494 2313 1497 2320 >
1541 2335 1543 2346 .

354 2367 452 2432 lectas·
467 2388 531 2429 cum
555 2366 585 2427 iu
606 2368 698 2429 lucem
722 2369 840 2428 ediderit
862 2368 968 2446 optime
991 2368 1111 2429 meritus
1131 2380 1185 2431 est.
1224 2372 1321 2433 Addas
1343 2392 1417 2453 quae
1490 2382 1493 2387 ’

354 2452 472 2532 scripsit
493 2452 530 2515 G.
550 2451 600 2515 W.
623 2451 785 2513 Finkins
814 2452 844 2513 iu
865 2451 1099 2532 Enoyolopaedia
1126 2471 1199 2533 quae
1220 2466 1339 2518 uocatur
1358 2457 1418 2519 Et·-

354 2537 427 2599 scbii
457 2544 484 2620 et
512 2535 651 2597 Gruberir
680 2556 801 2614 quorum
830 2535 958 2596 virorum
984 2534 1224 2615 disputationibus
1251 2539 1337 2601 liceat
1363 2562 1418 2603 no·

353 2630 444 2682 stram
469 2619 627 2701 adiungere
655 2619 938 2696 commentationem,
966 2637 1055 2697 quam
1080 2621 1170 2682 babes
1199 2621 1230 2681 in
1258 2622 1416 2687 Tlroluckii

353 2704 596 2787 prametidibns
616 2702 1000 2784 theologico-litorariis.*)

435 2790 609 2870 Sequentiae
636 2788 684 2867 qni
712 2789 749 2850 sit
775 2799 875 2850 auctor
910 2786 1104 2868 qumestiouem
1137 2788 1221 2850 valde
1244 2788 1415 2870 implicitam

352 2893 387 2936 aa
408 2871 500 2959 paone
522 2872 749 2934 indissolubilem
772 2875 825 2934 etsi
846 2874 903 2936 bne
930 2892 989 2933 non
1013 2873 1151 2950 pcrtincat
1173 2884 1267 2935 tamen
1287 2877 1416 2957 attinga-

352 2957 418 3027 mus
440 2966 567 3038 oportetr
581 2958 738 3036 quoniam,
761 2957 807 3019 cni
829 2957 915 3018 aetati
937 2975 1053 3017 carmen
1076 2957 1255 3019 tribuendum
1277 2959 1331 3038 sit,
1361 2983 1416 3023 uo·

352 3045 397 3105 bis
409 3040 600 3103 deliniendum
622 3051 675 3106 est.
716 3043 783 3102 lam'
797 3061 866 3103 voro
881 3040 1051 3102 nostratium
1073 3043 1108 3100 de
1120 3041 1341 3120 Sequentiarum
1360 3064 1415 3108 ua·
1431 3100 1433 3107 .

351 3138 416 3190 tura
437 3121 666 3189 elucubrationes
686 3126 770 3187 nobis
791 3126 854 3186 lnce
877 3125 985 3185 olarios
1007 3126 1174 3202 ostendunt,
1201 3145 1238 3191 ne
1268 3147 1323 3186 uno
1348 3129 1415 3208 qui-

351 3214 415 3273 dem
438 3213 526 3273 uerbo
547 3210 664 3271 illorum
685 3208 834 3290 opiniones
856 3209 1048 3269 defundendas
1070 3228 1134 3268 esse
1162 3208 1209 3288 qui
1239 3230 1341 3287 poema
1362 3233 1414 3274 su·

350 3315 404 3376 pra
433 3295 572 3376 scripturn
598 3302 664 3355 anto
693 3292 842 3356 saeculnm
870 3292 949 3355 Xlll.
977 3291 1165 3370 compositum
1195 3313 1260 3355 esse
1287 3305 1413 3360 censent.

349 3381 445 3462 ipsius
457 3379 593 3440 nimirum
608 3378 746 3440 carminis
759 3387 862 3440 natura
883 3377 1007 3452 indicat,
1025 3376 1096 3436 illud
1117 3377 1207 3437 multo
1229 3378 1325 3458 magis
1348 3390 1412 3461 post

350 3483 448 3542 quam,
468 3474 534 3525 ante
562 3463 696 3525 Thomas
724 3459 895 3525 Celancnsis
927 3469 1050 3522 aetatem
1080 3459 1109 3520 in
1135 3460 1231 3522 lucem
1259 3463 1411 3542 prodiisse.

348 3548 424 3610 Dein
451 3547 481 3609 id
501 3542 620 3628 'quoque
648 3548 766 3611 minime
801 3544 992 3627 praetermitti
1019 3544 1118 3622 debet,
1147 3547 1222 3623 quod
1243 3546 1302 3609 iam
1323 3567 1343 3611 a
1363 3569 1413 3613 aa·

414 3765 444 3828 '')
462 3766 572 3819 Gottl.
593 3765 721 3820 Christ.
741 3763 878 3818 Friedr.
896 3763 1094 3815 Mobnike’s
1111 3765 1254 3818 Kircben-
1271 3769 1328 3822 und
1345 3772 1412 3825 lite-

348 3837 551 3887 rarhistorisehe
568 3836 680 3886 Studien
705 3837 759 3886 und
778 3833 986 3898 Mittheilungen
1012 3837 1033 3882 l.
1053 3832 1102 3881 Bd.
1130 3837 1245 3888 afleta
1286 3841 1410 3910 Beitriige

348 3924 394 3954 zur
412 3905 485 3955 alten
501 3905 667 3955 kirohlichen
687 3904 876 3973 Hymnologie.
916 3900 1151 3953 Strslsund1824.
1175 3905 1193 3954 l.
1219 3907 1338 3958 Thomas
1356 3929 1411 3961 sou
1460 3922 1462 3927 '

348 3971 449 4023 Gelono
480 3972 545 4023 oder
569 3973 728 4024 Gesohichte
755 3973 802 4023 des
833 3969 1001 4020 kirchliehen
1030 3970 1153 4037 Hymnus
1176 3972 1243 4024 Dies
1273 3978 1329 4025 irae
1353 3977 1410 4027 dies

347 4041 403 4090 illa.
426 4067 461 4077 -
479 4041 682 4109 Encyclopiidie
706 4059 759 4092 von
777 4039 860 4090 Ersch
884 4036 941 4086 und
965 4038 1077 4088 Gruber.
1107 4038 1178 4089 Sect.
1201 4044 1221 4090 l.
1247 4042 1295 4090 lid.
1316 4042 1355 4093 16.
1381 4045 1409 4094 S.

346 4109 451 4159 7-10.
478 4110 596 4159 Thomas
621 4127 674 4159 rou
701 4109 800 4162 Caleno
824 4126 849 4156 v.
870 4105 901 4155 G.
922 4105 970 4156 W.
988 4107 1087 4156 Fink.
1106 4131 1141 4142 -
1159 4109 1192 4157 H.
1217 4109 1251 4157 A.
1271 4110 1407 4173 Daniel.

345 4177 414 4228 Eine
447 4190 515 4227 ne'ue
538 4178 737 4244 Ueberserzung
762 4177 807 4227 des
832 4175 898 4224 Dies
921 4174 991 4236 irae,
1014 4173 1071 4224 dies
1093 4175 1149 4224 illa.
1184 4176 1323 4226 'l'holuoks
1342 4179 1408 4229 Litt.

344 4247 420 4294 Anz.
442 4243 516 4295 1839.
536 4246 586 4296 No.
603 4244 645 4295 67.
665 4246 707 4298 68.
725 4272 758 4284 -
776 4246 841 4295 Dies
861 4245 931 4303 irae,
951 4243 1073 4309 Hymnus
1091 4242 1139 4291 auf
1153 4241 1200 4292 das
1220 4245 1409 4312 Weltgeriobt,

346 4315 383 4363 als
408 4313 516 4379 Heitrag
533 4333 580 4365 zrrr
597 4315 776 4382 llymuologie
794 4309 1011 4376 herausgegeben
1033 4327 1088 4360 von
1106 4309 1136 4358 F.
1155 4310 1187 4359 G.
1205 4311 1314 4364 Lisco.
1338 4315 1408 4364 Ber·-

343 4381 382 4430 lin
403 4379 479 4431 1840.
498 4382 643 4432 —Stabat
660 4383 763 4443 Mater,
782 4383 904 4450 Hymnus
924 4379 972 4427 aul
993 4377 1036 4426 die
1055 4376 1217 4428 Schmerzen
1243 4378 1291 4430 der
1308 4382 1405 4433 Maria.

343 4449 429 4500 Nebst
454 4451 540 4501 cinam
565 4451 712 4516 Nachtrago
736 4469 769 4499 zu
794 4446 1105 4509 denUebersetzungen
1129 4445 1175 4495 cles
1198 4447 1321 4514 Hymnus
1340 4451 1407 4502 Dies

343 4520 407 4568 irae.
445 4518 567 4570 Zweiter
590 4519 695 4585 beitrog
718 4537 765 4568 zur
788 4516 969 4589 Hymnologia
993 4513 1050 4564 her.
1074 4530 1128 4564 ron
1152 4513 1288 4568 Friedr.
1314 4518 1405 4571 Guot.

342 4586 460 4637 Lisco.
496 4587 587 4638 Berlin
605 4585 680 4638 1843.

385 4654 498 4707 Dasius
516 4655 646 4711 Thamar.
665 4656 766 4726 Hymn.
786 4655 817 4705 ll.
1182 4642 1204 4707 8
1311 4718 1313 4723 Ι
