3750 5400
534 747 606 805 χ,
943 691 1011 766 so

722 877 807 946 (ill.¹
833 842 889 947 Do
915 881 958 947 S.'
972 882 1233 947 Barchon-meo.

653 1023 656 1028 ’
728 989 897 1068 Luniemns
918 1021 1020 1066 omnes
1041 1002 1150 1085 inclyte

729 1087 945 1153 Bartholomuei
967 1085 1071 1149 merita
1091 1097 1145 1151 etc.

698 1300 784 1368 CVI.
825 1307 880 1371 Dc
900 1308 937 1373 S.
965 1308 1137 1371 Luduuicc
1157 1304 1264 1385 Rege.

688 1428 876 1490 Lactubnnda

687 1512 801 1572 Psallat
823 1512 906 1590 plebs
927 1531 994 1573 cum
1013 1518 1108 1572 monte
1129 1510 1238 1571 munda

689 1595 856 1658 Christiana
878 1605 932 1660 etc.
987 1616 989 1619 ·

557 1873 561 1884 ,
634 1805 737 1875 CVII.
787 1814 831 1877 Io
857 1759 1091 1877 Decullntion'e
1117 1812 1152 1876 S.
1175 1810 1319 1875 Iunonis.
1373 1901 1378 1914 Ι
1469 1767 1472 1780 ‹

733 1949 959 2011 Praecursorcm
980 1948 1086 2011 summi
1105 1947 1186 2027 regis

731 2034 769 2093 Et
790 2053 964 2112 praeconem
984 2052 1077 2095 novae
1099 2031 1176 2111 legis

732 2116 867 2179 Celebret
887 2118 1012 2179 ecclesia
1033 2127 1088 2179 etc.

641 2327 760 2394 CVIII.
802 2335 857 2399 De
884 2333 1106 2399 Exultatione
1126 2334 1162 2398 S.
1183 2334 1306 2400 Crucis.

797 2472 886 2532 Salvo
908 2491 982 2532 crox
1003 2471 1090 2531 arbor

702 2552 708 2559 ’
796 2556 880 2618 Vitae
905 2554 1073 2635 praeclaro,

798 2638 948 2704 Vexillum
966 2639 1075 2704 Christi
1093 2653 1099 2666 ·

795 2725 935 2788 Thronus
956 2733 985 2786 et
1005 2742 1059 2787 ura
1077 2731 1131 2785 etc.

823 2953 826 2959 ’
937 2969 1028 3037 CIX.

551 3116 606 3180 Dc
636 3113 672 3180 S.
692 3070 865 3178 Mattiaco
891 3113 953 3198 (nl.
981 3114 1037 3178 De
1064 3112 1124 3211 SS,
1146 3110 1432 3192 Euorrgelistis.)l

448 3257 478 3318 l.
495 3241 651 3325 locuulsre
673 3251 756 3332 plebs
776 3247 885 3329 fidelis,
1000 3251 1031 3315 3.
1047 3250 1173 3317 Formae
1194 3248 1319 3310 formant
1339 3244 1503 3327 figurarum

490 3336 581 3400 Cuius
604 3346 687 3417 pater
708 3348 752 3398 est
772 3333 803 3396 in
825 3334 915 3399 coelis
955 3404 957 3409 ,
1043 3337 1168 3397 Formas
1188 3331 1467 3412 Evangelistumm.

490 3421 635 3484 Recolens
654 3419 819 3482 Ezechielis
1042 3420 1174 3496 Quorum
1195 3415 1287 3478 imlter
1308 3414 1504 3480 doctrinarum
1575 3471 1577 3475 ,

491 3504 654 3582 Prophetae
677 3503 839 3581 praeconio,
1044 3502 1142 3563 Stillat
1163 3501 1194 3561 in
1221 3500 1354 3563 ccclesia.

491 3587 545 3647 Est
566 3588 688 3646 loannes
711 3585 792 3646 testis
812 3586 868 3664 ipsi
1043 3585 1083 3647 Hi
1100 3582 1512 3664 suntMarcusetMattlruens‚

490 3667 628 3731 Scribens
649 3669 680 3729 in
700 3668 891 3748 Apocalypsi:
1044 3669 1141 3730 Lucas
1162 3678 1191 3729 et
1210 3691 1295 3750 quem
1316 3669 1486 3733 Zebedueus

491 3753 572 3814 Vere
594 3751 654 3814 ridi
674 3771 742 3813 rere
764 3750 868 3832 scripsi
975 3808 982 3816 s.
1043 3753 1131 3814 Pater
1150 3751 1229 3814 misit
1250 3754 1317 3832 tili,
1343 3755 1444 3835 Dens,
1515 3795 1520 3800 —

491 3835 570 3905 Vera
592 3833 764 3901 testimonia.
1043 3836 1122 3898 Dum
1142 3837 1256 3900 laxaret
1275 3838 1357 3908 retia.

451 3975 481 4038 2.
496 3968 583 4033 Circa
605 3969 739 4032 thronum
759 3965 919 4031 maiestatis
1001 3971 1033 4034 4.
1045 3972 1183 4034 Formam
1196 3971 1252 4035 viri
1272 3973 1339 4036 dunt
1351 3973 1513 4056 Malthace,

493 4057 568 4118 Gnur
589 4053 738 4136 spiritibus
759 4051 852 4114 beatis
1045 4057 1123 4133 Quia
1143 4057 1260 4139 scripsit
1287 4057 1330 4120 sic
1351 4061 1386 4119 olo
1406 4059 1494 4138 Deo,

494 4143 625 4219 Quutuor
645 4135 820 4200 diversitatis
1044 4140 1126 4201 Sicut
1144 4143 1289 4203 descendit
1306 4146 1343 4204 alr
1365 4163 1399 4205 eo

491 4227 595 4290 nsunt
614 4222 761 4286 animalia.
1044 4225 1138 4301 Quem
1157 4226 1312 4304 plasmavit
1331 4229 1459 4293 homine.

452 4330 454 4335 ¹
493 4310 632 4372 Formam
654 4309 780 4389 primurn
803 4304 962 4384 aquilinam
1043 4309 1139 4370 Lucas
1161 4310 1213 4372 bos
1235 4322 1278 4372 est
1297 4311 1326 4374 iu
1347 4312 1460 4394 ligura,

494 4395 532 4454 m
552 4394 707 4456 secundum
737 4388 898 4453 leoninam:
1043 4392 1084 4454 Ut
1101 4397 1352 4473 praemonstratio
1366 4398 1513 4478 scriptura

493 4478 551 4538 Sed
572 4477 728 4539 humanam
750 4485 778 4538 et
798 4475 932 4541 bovinam
1042 4478 1211 4543 Hostiarum
1232 4491 1355 4560 tangens
1377 4482 1442 4545 iura

494 4561 560 4624 Duo
582 4570 686 4643 gerunt
706 4560 776 4625 ulia.
1040 4562 1132 4645 Legis
1151 4567 1206 4630 sulr
1228 4564 1381 4634 velamine.
