3750 5400
787 633 1070 800 ¹‹rtr‘¹

355 852 474 916 suimus
500 854 549 930 (ad
575 853 685 938 Hylan.
716 852 809 935 329):
834 864 934 918 nostra
959 861 1041 918 aetas
1068 854 1121 920 vix
1148 876 1236 921 nnnru
1262 855 1422 920 alterumve

355 939 526 1018 exemplum
543 940 609 1001 talis
623 938 769 1003 irrisionis
791 940 883 1003 offert.
927 940 1004 1004 Mihi
1026 940 1139 1021 quidem
1154 942 1210 1003 hoo
1230 961 1318 1004 aaurn
1339 942 1422 1004 iano-

356 1024 427 1101 luil,
450 1026 526 1104 quod
546 1024 672 1085 Kohlias
699 1023 748 1085 ille
776 1023 829 1105 qai
859 1029 982 1088 πολλῶν
1014 1021 1193 1109 ἀνθρώπων
1227 1023 1291 1090 ilisa
1324 1024 1421 1090 ἄστεα
1493 1058 1505 1084 -.

357 1108 411 1170 eal
434 1105 507 1172 νόον
529 1105 606 1189 i'yrar
632 1119 748 1186 narrat,
776 1110 896 1171 ludaeos
920 1109 1060 1171 Poloniae
1083 1111 1183 1171 eodem
1206 1131 1260 1190 qao
1289 1112 1420 1191 psalmos

354 1193 387 1253 in
416 1191 585 1275 synagogis
611 1193 744 1273 garriunt
772 1203 799 1254 et
829 1194 971 1255 blaterant
996 1214 1116 1255 numero
1146 1214 1181 1256 aa
1208 1196 1360 1276 rhythmo,
1381 1196 1418 1271 (si

357 1276 424 1357 quis
446 1288 501 1355 cst)
524 1278 610 1338 ctiarn
632 1278 761 1339 carmina
782 1280 924 1356 putatoria
945 1280 976 1339 in
1005 1278 1143 1358 cauponis
1164 1280 1315 1339 decantare.
1331 1281 1418 1361 (Ret-
1498 1287 1518 1326 'ae

355 1382 409 1423 son
438 1360 478 1423 inu
507 1363 610 1423 lnnern
637 1382 694 1424 ron
722 1361 869 1423 Rosslanrl
896 1373 949 1425 eta.
979 1366 1049 1425 lll.
1078 1383 1106 1441 p.
1137 1363 1318 1444 st)-utst
1353 1365 1417 1443 quis
1429 1411 1440 1450 s

354 1447 430 1507 forto
453 1447 539 1508 otiam
562 1445 730 1507 melodiam:
755 1446 821 1507 Ein'
853 1448 925 1508 leste
946 1448 1028 1527 Burg
1052 1447 1091 1508 ist
1111 1465 1196 1509 unser
1218 1447 1301 1525 Gott,
1331 1467 1417 1527 quarn
1530 1451 1533 1462 '

352 1530 509 1594 histriones
530 1531 714 1614 Meporheeri
734 1531 917 1610 Hugeuottas
943 1541 1064 1619 ugentes
1092 1531 1121 1593 ia
1148 1550 1236 1612 seona
1255 1529 1416 1612 demutant,

353 1616 412 1677 hou
439 1617 549 1676 relcrre
578 1616 663 1679 volet.
703 1613 734 1679 3.
762 1616 822 1682 Ml.
846 1637 902 1677 orn.
924 1626 991 1679 ost.
1022 1609 1070 1677 'Ch
1094 1615 1132 1679 Η.
1153 1616 1232 1691 250,
1262 1618 1291 1679 l.
1317 1618 1349 1679 2.
1370 1618 1415 1678 llo

353 1699 441 1761 stella
470 1699 523 1762 sol·
542 1700 670 1761 oriturus
705 1700 806 1761 stellas
839 1711 961 1763 matram
994 1701 1121 1781 praefert
1147 1720 1247 1788 puros.
1298 1703 1328 1768 4.
1359 1703 1412 1769 Nu.

351 1785 461 1845 raldo
484 1785 600 1849 alara.
651 1785 681 1847 5.
707 1786 737 1847 6.
758 1783 821 1848 Md.
841 1805 907 1846 neo
933 1822 974 1833 —
1004 1785 1412 1866 nestorianistas
1452 1835 1454 1840 .

351 1869 406 1931 Ad.
430 1869 537 1949 rirgo
560 1869 658 1932 tilio.
708 1869 738 1932 8.
760 1868 812 1931 Sl.
834 1870 888 1933 Nh.
910 1869 970 1937 Ml,
999 1869 1087 1933 Torr.
1111 1870 1301 1936 Longula.
1330 1891 1415 1931 ror-

316 2025 321 2034 ,
354 1954 495 2032 parari.
549 1954 594 2016 Pl.
623 1954 677 2019 Ad,
707 1954 920 2034 corporali:
963 1956 1084 2014 eandem
1117 1957 1289 2034 scripturam
1326 1956 1413 2017 exhi-

351 2037 419 2098 bent
449 2037 563 2099 colicos
583 2038 618 2102 F.
649 2037 763 2115 Wolhi,
799 2039 845 2100 oui
874 2048 971 2102 lamen
992 2038 1085 2099 altera
1112 2039 1195 2100 loctio
1222 2039 1318 2119 tnagis
1346 2043 1411 2118 pla-

351 2129 405 2183 c'et.
448 2122 527 2183 Sana
549 2123 641 2202 primo
662 2124 761 2183 obtuta
783 2143 835 2203 pcr
855 2124 1057 2206 ravroloyr'uu
1076 2123 1181 2185 dictum
1205 2143 1269 2185 osso
1290 2125 1411 2202 viderur,

349 2206 426 2286 qaod
448 2225 515 2267 caro
536 2207 701 2286 appellatur
722 2209 959 2286 corporalis,
980 2209 1031 2269 sol
1053 2208 1143 2270 voluit
1162 2218 1246 2289 pocta
1266 2209 1322 2269 has
1343 2229 1413 2269 roos

350 2290 471 2353 minime
493 2292 586 2352 otiosa
599 2292 626 2349 irl
641 2290 755 2352 officere
770 2303 800 2353 at
814 2292 963 2354 Christum
976 2293 1070 2353 lesam
1085 2313 1153 2354 rere
1167 2303 1195 2354 et
1208 2293 1340 2369 realiter,
1354 2314 1412 2353 non

350 2376 386 2436 uo
403 2375 530 2457 speciem
546 2384 576 2436 ut
590 2375 715 2436 lloaetae
728 2377 827 2438 volunt
842 2397 958 2457 passuro
976 2398 1041 2439 esse
1052 2379 1270 2448 demonstraret.
1314 2378 1346 2438 Si
1370 2378 1413 2437 lo-

349 2461 430 2540 gitnr
449 2461 663 2539 corporari,
682 2460 728 2521 vel
741 2461 904 2541 passionom
919 2462 1079 2540 significat,
1100 2462 1147 2523 rol
1162 2456 1410 2543 ἰνανθρώπησιν.

347 2545 425 2607 Nam
446 2565 503 2606 vax
524 2563 735 2623 corporate
762 2556 883 2625 utraque
904 2548 1020 2607 notione
1042 2547 1176 2610 occurrit.
1197 2546 1243 2609 Cl.
1264 2546 1310 2608 Do
1333 2546 1411 2608 Can-

348 2650 386 2711 ge
419 2648 445 2691 s.
466 2630 495 2695 h.
522 2650 552 2691 r.
580 2640 607 2690 ot
635 2630 683 2710 qui
713 2630 846 2691 subtilius
867 2649 902 2691 ao
931 2631 1043 2695 cloatius
1063 2633 1098 2692 tle
1118 2632 1175 2693 has
1201 2651 1234 2692 re
1254 2632 1411 2712 disputarit

346 2716 450 2792 Barth.
474 2716 595 2779 Advets.
615 2714 683 2794 Vll,
704 2715 734 2779 2.
760 2727 822 2776 Cum
844 2725 960 2774 ‹lvmt'nus
977 2737 1002 2775 et
1018 2725 1135 2776 salvator
1151 2737 1234 2776 noster
1251 2730 1340 2777 unr'cus
1357 2724 1425 2778 ἧκέ
1492 2777 1497 2789 .

347 2821 451 2853 manum
476 2821 565 2870 corpur
588 2804 738 2870 assumpsit,
761 2799 901 2867 plurimum
918 2799 1091 2870 difficultatis
1109 2799 1255 2850 christianis
1277 2805 1412 2870 scriptori·
1441 2848 1445 2855 ,

347 2871 392 2920 bue
411 2882 434 2920 et
455 2869 516 2920 olim
534 2883 557 2919 et
575 2890 642 2919 nunc
657 2871 786 2920 subortum
804 2880 855 2930 est,
879 2879 907 2917 ut
932 2889 990 2918 eam
1012 2888 1064 2919 rem
1081 2869 1154 2918 verbo
1178 2869 1265 2935 aliqua
1281 2875 1411 2936 nequirent
1450 2926 1455 2938 .

346 2940 495 3006 exprimere.
527 2938 587 3008 Ego
605 2950 690 2987 autem
715 2940 741 2988 in
759 2955 786 2984 re
808 2948 885 2985 tanta
908 2939 1009 3006 proprie
1032 2937 1102 3003 loqui
1123 2957 1171 2988 non
1189 2957 1278 3007 negem
1302 2953 1327 2989 et
1350 2960 1410 2991 ver-

347 3007 405 3056 bum
423 3026 451 3056 co
482 3018 582 3056 oratum
600 3006 640 3057 vel
657 3008 741 3057 Deum
756 3017 916 3072 corporatum
934 3026 986 3054 esse
1002 3007 1085 3056 elicere
1099 3026 1149 3056 non
1165 3007 1332 3072 abhorream,
1356 3028 1410 3059 au-

347 3087 438 3126 ctorem
452 3026 552 3124 iabou
574 3074 794 3142 elegantissimum
817 3075 962 3138 scriptorem
985 3075 1061 3124 Lact.
1086 3076 1162 3123 Instit
1186 3067 1242 3137 1V,
1262 3070 1313 3126 ¹26.
1342 3079 1410 3126 Ter-

345 3151 406 3204 rull.
429 3154 468 3202 a·
484 3170 570 3202 carne.
608 3152 666 3202 car.
691 3147 719 3200 t.
744 3149 769 3201 a.
825 3137 875 3201 10.
898 3140 969 3202 Al:
1001 3132 1141 3202 crodit.¹
1158 3138 1278 3203 clieta:
1307 3153 1410 3229 sputu

345 3227 538 3295 Hellespontica
561 3228 625 3277 baec
654 3228 686 3276 tle
712 3226 810 3278 Christo
834 3226 979 3274 vaticinata
1003 3227 1114 3275 dieitur:
1138 3226 1180 3274 De
1202 3226 1300 3276 excelso
1323 3229 1409 3279 coelo-

344 3316 399 3347 rum
418 3296 568 3347 habitaculo
586 3294 692 3346 humiles
709 3295 838 3361 prospexit
856 3294 927 3342 Deus
945 3306 969 3342 et
986 3305 1106 3343 nocemur
1127 3295 1154 3343 in
1184 3296 1325 3343 novissimis
1349 3300 1408 3346 elie-

345 3365 390 3415 bus
399 3367 431 3414 tle
447 3365 523 3434 Virg.
537 3367 667 3414 Hebraea.
703 3362 804 3432 Sylitla
817 3381 873 3411 vero
894 3363 1037 3411 Cumaea
1055 3363 1103 3412 boc
1116 3364 1148 3411 ele
1161 3362 1255 3411 Christi
1270 3366 1409 3416 nativitate

345 3435 433 3483 cecinit
452 3432 602 3483 oraculum:
622 3432 712 3482 Veniet
730 3431 775 3482 ille
791 3443 814 3479 et
833 3429 909 3480 colles
931 3431 1052 3481 transibit
1077 3442 1101 3480 et
1120 3429 1222 3499 Olympi
1243 3433 1347 3481 vertices
1362 3454 1408 3484 re-

342 3503 483 3571 guabitque
495 3504 522 3550 in
532 3513 686 3569 paupertate
702 3513 725 3550 et
739 3500 911 3550 dominabitur
922 3499 949 3547 in
961 3498 1061 3548 silentio
1074 3511 1143 3548 etex
1155 3510 1225 3547 utero
1241 3501 1348 3569 virginis
1360 3522 1407 3552 ve-

344 3571 403 3620 uter.
434 3572 539 3636 Insreper
552 3569 578 3618 S.
603 3568 783 3621 Tiburtina
797 3569 849 3617 suis
867 3568 1022 3616 carminibus
1034 3567 1099 3617 baec
1110 3570 1141 3617 cle
1154 3567 1248 3616 Clurt'sti
1258 3573 1408 3633 praetir'nit:

342 3635 470 3688 Nascetur
488 3639 582 3687 Christi
591 3641 619 3688 in
631 3637 762 3688 Bethleem
775 3649 799 3685 et
813 3637 1012 3685 annunciabitur
1024 3638 1050 3685 in
1063 3636 1206 3687 Nazareth.
1245 3636 1268 3686 O
1272 3636 1346 3704 felix
1357 3641 1407 3691 illu

342 3718 424 3755 mater
441 3702 514 3755 cuiuis
529 3707 607 3754 ubera
625 3704 699 3756 illum
717 3704 861 3756 laetabunt.
902 3705 1012 3753 Demum
1038 3704 1066 3754 S.
1084 3705 1184 3754 Persica
1203 3706 1242 3754 ria
1263 3709 1295 3756 ‹le
1315 3708 1408 3758 incar-

341 3775 454 3823 nationis
477 3776 593 3842 mysterio
611 3774 722 3823 texuisse
741 3774 836 3823 ‹lr'citur
852 3770 1001 3822 oraculum:
1026 3773 1093 3823 Ecce
1118 3773 1198 3822 bestia
1219 3773 1407 3828 conculcaberis

343 3854 366 3891 et
387 3843 514 3910 gignetur
531 3844 656 3891 Dominus
672 3841 700 3890 in
718 3843 776 3891 orbe
792 3854 917 3890 terraurru
937 3853 961 3890 et
979 3843 1107 3910 gremium
1130 3842 1238 3908 virffl'nie
1261 3845 1308 3893 erit
1334 3845 1407 3896 salus

341 3903 459 3978 gentium
476 3923 500 3958 et
515 3912 590 3976 peries
608 3913 660 3961 eius
678 3911 706 3958 in
729 3909 871 3960 valitudine
893 3908 1022 3958 bominum
1039 3921 1062 3959 et
1081 3910 1208 3960 invisibile
1225 3914 1324 3960 verbum
1341 3915 1405 3978 pal·

339 3990 454 4056 patirur.
491 3977 540 4040 ll.
563 3976 626 4039 Prn.
648 3969 761 4051 Quem
783 3976 890 4034 claret
912 3973 1027 4036 litora
1048 3976 1169 4057 ipsum
1193 3976 1405 4044 considera.

343 4061 391 4122 12.
415 4060 518 4133 Bltmlt.
539 4079 580 4119 en
603 4059 745 4140 gentili.
787 4057 912 4121 Wolbns
934 4059 954 4122 l.
977 4079 1020 4122 ts:
1036 4074 1106 4122 Mem
1121 4070 1231 4120 hemerle
1248 4073 1325 4135 nocie,
1343 4075 1404 4124 dass

341 4148 410 4195 ‹liese
427 4147 537 4210 Sequens
559 4149 628 4198 niebt
652 4149 698 4196 wie
718 4145 876 4215 geuualnticl
902 4148 929 4195 in
952 4149 1001 4196 tien
1018 4145 1135 4199 Druclren
1157 4147 1202 4194 mit
1220 4147 1318 4209 Amen,
1342 4167 1405 4196 son-

340 4217 401 4264 tlern
420 4215 466 4262 mit
486 4215 580 4263 ultano
600 4219 654 4265 renel
670 4217 697 4266 in
719 4219 767 4266 ‹len
785 4233 833 4264 aus
851 4217 948 4264 andern
964 4217 1027 4265 Has.
1053 4213 1238 4282 mitgetlteiiteu
1259 4214 1285 4262 V
1285 4216 1404 4264 arianten

338 4308 421 4352 ungar
438 4289 500 4338 noel
516 4294 561 4341 ruit
578 4293 698 4343 Alleluia
711 4291 835 4342 tellina.
870 4280 902 4341 lu
924 4280 1008 4342 libris
1036 4301 1108 4360 quos
1136 4274 1266 4356 equilen
1288 4279 1402 4357 inspexi

339 4362 471 4441 (praeter
496 4363 580 4432 Miss.
610 4367 667 4429 Nlr.
695 4369 768 4446 qnorl
796 4365 913 4435 Mariae
936 4379 1042 4427 nomon
1070 4365 1101 4427 iu
1125 4361 1204 4423 oalee
1230 4361 1402 4444 Sequentiae
1474 4398 1477 4403 ·

336 4445 466 4525 profert)
487 4466 576 4528 nequa
598 4450 839 4530 Mariamque
860 4449 1033 4512 Alleluia
1053 4444 1238 4524 investigari.

714 4647 1024 4671 w--u-h--u--n
