3750 5400
956 723 1052 799 ano
1109 757 1111 763 -
1178 693 1194 758 ·.

405 957 414 980 Ι
473 909 518 961 est
538 899 673 962 indicunt.
724 901 790 976 luico
818 899 929 965 Gerena
958 902 1105 983 paschalis
1133 919 1226 982 aquae
1255 897 1439 980 baptismali,
1466 918 1530 981 qaae

473 997 501 1043 et
522 985 589 1063 ipse
610 987 664 1047 lucc
686 984 732 1046 ulie
753 995 952 1062 consecratur,
980 987 1144 1049 immittitur
1165 985 1285 1064 riusqne
1308 985 1440 1063 flamna,
1469 1005 1532 1065 qno·

472 1068 642 1148 tiesuunqne
663 1087 753 1145 suma
772 1070 932 1132 Missurum
960 1073 1113 1148 sollcrnuia
1141 1065 1267 1149 agitatur
1297 1089 1389 1148 usqne
1417 1071 1453 1130 ad
1475 1087 1532 1130 eun

473 1154 549 1215 uliam
578 1157 683 1216 lautum
712 1154 760 1233 qai
782 1155 892 1216 Christi
921 1156 949 1215 in
980 1157 1093 1218 coelum
1122 1155 1211 1215 erecsr
1239 1153 1341 1214 recolit
1364 1153 1534 1231 memorien,
1579 1189 1583 1202 ι

471 1239 522 1321 'pie
543 1239 638 1300 alitur.
681 1238 746 1315 Quo
768 1241 814 1299 die
836 1251 867 1301 ut
888 1241 1012 1321 primum
1029 1239 1202 1321 praelectum
1225 1248 1268 1299 cst
1291 1238 1320 1318 in
1335 1239 1435 1299 Missa
1456 1257 1534 1298 eran·

475 1323 586 1402 gelinrn
613 1323 731 1383 flamma
758 1323 956 1404 exstinguitur
982 1336 1009 1384 et
1038 1324 1079 1386 nti
1101 1322 1236 1385 Clu-istus
1265 1322 1301 1381 de
1323 1331 1404 1385 terra
1426 1323 1456 1384 in
1478 1343 1535 1384 cot·

477 1407 536 1468 lum
573 1409 704 1468 sublatus
736 1419 797 1487 est,
837 1410 876 1470 itu
909 1410 972 1489 ipse
1006 1410 1117 1470 Cereus
1149 1409 1186 1467 ub
1219 1405 1304 1468 altari
1335 1403 1535 1484 amormuni)

476 1490 579 1552 Omnia
607 1492 654 1553 liic
681 1512 753 1555 usus
781 1509 866 1554 ancer
894 1514 945 1573 prr
975 1505 1062 1555 totam
1092 1492 1256 1555 Muranum
1277 1490 1437 1553 ecclesiam
1458 1492 1536 1580 etian

385 1599 391 1620 i
458 1588 576 1636 'nmtra
596 1587 689 1647 untntc
711 1579 810 1639 codem
834 1581 916 1639 modo
938 1590 1037 1640 ennete
1058 1574 1224 1656 satiauit)
1252 1595 1307 1638 neo
1329 1574 1423 1637 ullum
1445 1575 1538 1636 dincri-

493 1885 498 1892 ι
546 1902 573 1952 'l
588 1899 711 1953 Ceterum
728 1906 807 1955 etiarn
821 1907 892 1957 btttrc
903 1905 977 1970 pium
993 1921 1067 1953 usum
1080 1902 1167 1952 varias
1180 1898 1360 2018 uper-stitione
1374 1851 1539 1951 multifaria!

406 2005 409 2020 .
479 1969 639 2019 maculatum
659 1990 716 2022 esse
736 1976 778 2023 rix
798 1972 929 2042 estquod
954 1987 1127 2026 moneamus,
1151 1970 1281 2020 buttem
1307 1968 1358 2033 lll,
1389 1968 1472 2021 1705:
1502 1968 1540 2020 Sis

446 2083 450 2098 ,
479 2036 582 2086 steblen
608 2037 734 2090 lieimlich
752 2042 855 2092 wacta
880 2059 931 2093 ron
950 2040 1010 2091 deni
1031 2038 1200 2105 geweibeten
1224 2033 1385 2086 Osterutock
1407 2035 1466 2086 und
1487 2035 1541 2088 nei

479 2100 532 2152 ben
552 2104 649 2169 demit,
674 2111 754 2158 weiss
774 2111 859 2173 niclit,
879 2129 937 2161 was
955 2109 999 2159 fiir
1017 2105 1208 2173 Aherglauben
1229 2100 1284 2152 und
1303 2102 1452 2155 Zauberei.

528 2231 576 2304 ⁸³²)
596 2240 629 2289 Ut
654 2240 752 2293 babeas
779 2246 845 2294 ritus
869 2243 1069 2294 benedictionis
1093 2236 1404 2304 accurateldescriptos,
1429 2247 1541 2299 nostruin

479 2301 591 2356 lecimus
609 2309 682 2374 quod
700 2312 797 2376 legitur
816 2314 842 2361 in
863 2312 1052 2363 (inarimoniali
1068 2311 1219 2360 Monastico
1233 2303 1298 2357 Ord.
1320 2304 1461 2355 Benedict-
1475 2302 1543 2356 Con-

480 2390 552 2440 greg.
574 2376 704 2426 llurslold.
724 2378 830 2431 tColon.
848 2381 936 2441 tliSllz
957 2378 1178 2430 Pervenientibns
1191 2374 1225 2425 nd
1243 2373 1323 2440 legile
1341 2372 1471 2424 secedent
1487 2372 1543 2421 hino

480 2441 544 2492 inde
560 2442 745 2497 Subcliaconns
765 2466 824 2498 cnm
838 2449 923 2500 (inice
942 2448 976 2497 ud
993 2448 1129 2500 dexterum
1147 2445 1276 2504 Diaconi,
1296 2435 1415 2507 imagine
1430 2437 1543 2490 crucifixi

481 2507 515 2560 ad
533 2511 604 2561 illius
624 2511 810 2566 Celebrnntem
831 2535 972 2578 conuersa,
998 2513 1198 2566 Thuril'erarius
1216 2510 1250 2560 acl
1269 2507 1411 2559 dexteram
1428 2506 1543 2559 Subdiu-

481 2580 560 2643 coni,
584 2581 735 2651 Acolytlrns
754 2604 812 2635 cium
838 2586 970 2635 arundine
993 2584 1028 2634 ed
1051 2585 1185 2633 sinistram
1210 2578 1343 2638 Diaccni,
1370 2587 1397 2627 et
1420 2575 1456 2625 ad
1481 2575 1544 2626 eini-

481 2656 562 2698 strum
581 2650 653 2702 illius
675 2653 743 2702 alter
760 2654 912 2724 Acolytlrus
933 2672 991 2704 cunr
1010 2652 1099 2720 granis
1119 2650 1235 2704 incensi,
1261 2662 1354 2697 omnes
1376 2644 1406 2694 in
1422 2654 1497 2694 recta
1513 2643 1545 2692 ti·

483 2733 534 2766 nea
552 2729 685 2769 uertentes
704 2722 784 2774 iacies
804 2740 894 2773 versus
918 2723 1090 2789 Aquilonem.
1130 2719 1267 2768 Diaconum
1286 2715 1386 2764 librum
1405 2731 1489 2779 super
1507 2711 1543 2762 le-

483 2785 536 2850 gile
555 2800 676 2854 apertum
696 2802 736 2839 ter
754 2793 917 2854 incensabit,
938 2802 966 2840 nt
985 2790 1017 2840 ad
1036 2787 1211 2852 Evangeliunr
1236 2786 1263 2833 in
1290 2783 1376 2832 Missa
1394 2778 1455 2831 fieri
1474 2781 1544 2840 solet,

484 2863 511 2902 et
528 2858 616 2905 atatim
639 2861 818 2924 consignans
838 2861 949 2922 librum,
976 2876 1062 2925 neque
1080 2857 1213 2921 seipsum,
1238 2852 1291 2900 alta
1317 2861 1345 2900 et
1368 2863 1544 2900 ³01101¹8V⁰⁰0

483 2920 724 2977 iunctisrnanibus
743 2929 861 2977 cantabit
879 2928 1052 2996 praeconium
1079 2922 1201 2972 absolute
1224 2919 1334 2969 dicens:
1363 2917 1476 2967 Exullel
1500 2918 1558 2967 lm·

484 2993 609 3054 angelica
628 2994 721 3057 turba,
745 2996 819 3062 quod
837 2995 899 3044 dum
918 2996 1028 3062 incipit,
1056 2991 1148 3040 Abbas
1173 2989 1257 3053 surgit
1281 2997 1308 3035 et
1331 2997 1430 3036 tenens
1455 2983 1545 3052 pedum

484 3053 591 3108 detecto
616 3063 704 3126 capite
728 3075 779 3113 atat
807 3082 950 3114 conversus
975 3062 1008 3110 ad
1034 3061 1202 3116 Diaconum,
1237 3053 1362 3126 similiter
1388 3054 1495 3103 Fratres
1518 3049 1546 3099 de

485 3123 575 3177 Charo
594 3130 702 3179 stabunt
727 3151 818 3182 versus
838 3133 930 3181 Altare
956 3131 1068 3180 detectis
1096 3126 1238 3194 capitibus.
1276 3121 1417 3170 Diaconus
1441 3138 1500 3171 curn
1523 3119 1546 3167 in

485 3203 631 3261 praeconio
659 3202 810 3263 pervenerit
836 3199 870 3249 acl
893 3200 938 3248 illa
962 3198 1058 3249 verba:
1090 3193 1189 3246 Currat
1212 3191 1334 3258 imperia·
1360 3187 1545 3237 comitantibui

484 3261 630 3332 Acolythis
649 3284 708 3316 cum
727 3267 857 3318 arundine
877 3279 902 3317 et
920 3270 1039 3334 quinque
1057 3264 1145 3330 granis
1163 3260 1282 3313 incensi·
1310 3255 1416 3305 medii
1441 3254 1475 3305 ad
1499 3253 1546 3334 Cf·

484 3349 559 3382 reum
579 3335 606 3382 in
626 3352 711 3403 eoque
729 3335 865 3402 praedicta
885 3354 966 3401 gruna
981 3337 1017 3383 'in
1038 3331 1144 3382 modum
1167 3328 1260 3378 Crucis
1284 3322 1373 3389 infigit
1398 3324 1452 3373 boc
1480 3321 1547 3373 ortlu-

486 3417 537 3450 ne:
556 3404 670 3468 prinnini
690 3407 716 3453 in
735 3422 858 3472 suprema
877 3416 968 3470 parte,
993 3400 1137 3452 secundum
1157 3399 1183 3445 in
1205 3392 1308 3454 media,
1333 3393 1443 3440 tertium
1463 3392 1491 3440 in
1509 3392 1547 3439 in·

485 3463 564 3530 flua,
595 3483 718 3535 quartum
742 3476 771 3522 in
796 3472 919 3533 dextera,
946 3468 1068 3539 quintum
1096 3469 1125 3516 in
1153 3465 1276 3515 sinistra·
1309 3461 1469 3540 priusquam
1493 3473 1548 3509 '⁰¹⁰

486 3531 580 3599 inligat
597 3555 694 3598 grana.
716 3559 745 3588 ea
766 3540 918 3590 admovebit
938 3538 1043 3588 ardenti
1062 3533 1173 3586 candela
1193 3527 1351 3579 arundinis}
1378 3524 1475 3576 infixis
1494 3542 1548 3592 grt-

487 3599 529 3649 nie
547 3601 646 3656 redibit
666 3605 699 3653 ad
716 3607 811 3672 legile,
837 3609 937 3658 nullam
958 3607 1059 3657 iaciens
1083 3601 1257 3652 reverentiam
1278 3607 1323 3644 aunt
1340 3594 1549 3669 inclinationem,

488 3676 515 3719 et
532 3682 724 3734 prosequetur:
746 3677 772 3722 ln
794 3676 870 3725 huius
889 3678 984 3740 igitur,
1005 3671 1156 3731 Acolythns
1175 3678 1263 3716 autem
1284 3662 1444 3714 deserviens
1464 3681 1478 3713 a
1496 3678 1550 3728 guu-

487 3735 544 3793 nis,
563 3737 661 3786 tradita
679 3741 813 3806 pelvicula
833 3741 1050 3793 Caerenroniario
1075 3729 1134 3805 [qul
1161 3754 1218 3786 eam
1240 3731 1274 3782 ‘id
1293 3729 1462 3781 “edenllm
1481 3729 1551 3780 ‘lesi'

454 3835 458 3843 -
487 3799 542 3865 ret]
559 3803 629 3853 redit
648 3806 787 3857 nd‘loctrur
808 3828 900 3870 suurn,
927 3811 1082 3876 ibidemque
1107 3823 1156 3874 per
1174 3799 1287 3854 eundem
1307 3797 1550 3850 Caerernoniariatu

489 3872 588 3942 accipit
606 3873 744 3923 candelam
764 3893 816 3925 uon
836 3895 973 3926 accensam
994 3896 1028 3926 ex
1047 3874 1182 3926 credentia
1202 3870 1319 3918 allatam.
1363 3864 1432 3916 Cum
1454 3867 1551 3944 Iliacu-

488 3958 538 3990 nus
556 3940 670 3992 dixerit:
689 3943 810 3993 Rutilana
829 3945 896 4009 ignis
916 3944 1053 4007 accendit,
1083 3941 1234 3992 intermisso
1252 3939 1349 3985 iteruin
1368 3945 1452 3982 cantu
1472 3945 1552 3985 conit-

488 4018 563 4060 iente
583 4009 719 4078 Acolytho
738 4030 797 4060 cnm
816 4011 947 4062 arundine
965 4011 1077 4062 eandem
1097 4010 1232 4076 accipiens
1250 4021 1301 4053 una
1326 4019 1361 4052 ex
1385 4001 1475 4052 trihus
1495 4019 1553 4052 ου·

490 4075 558 4128 delia
577 4075 692 4129 Cereunr
713 4078 851 4140 accendit,
882 4097 911 4127 ac
935 4080 1033 4129 tradita
1062 4077 1199 4145 Acolytlto
1225 4070 1358 4122 arundine
1381 4087 1508 4121 reversus
1526 4065 1553 4118 td

489 4143 578 4197 locum
605 4165 680 4197 auum
706 4148 889 4215 prosequitur:
916 4145 968 4262 (pjui
992 4147 1056 4196 licet
1079 4145 1196 4206 divisus,
1225 4156 1308 4206 usque
1333 4134 1367 4186 ad
1387 4137 1436 4186 illa
1456 4138 1553 4188 verbi?

490 4210 546 4282 Api
571 4227 656 4264 mater
680 4214 787 4272 eduxit.
823 4227 887 4264 tunc
950 4217 1044 4263 iacono
1079 4212 1184 4263 modice
1216 4206 1412 4266 intermittentes
1443 4217 1554 4266 cantata,

490 4276 642 4349 Acolythus
667 4282 728 4346 ille,
754 4274 799 4348 quii
824 4284 898 4351 prius
921 4281 1024 4331 serebat
1047 4299 1129 4347 grana
1147 4279 1266 4336 incensi,
1294 4271 1438 4323 candelulu
1462 4288 1555 4352 attae}

492 4350 623 4400 arundine
647 4352 755 4400 incensa
780 4349 918 4419 lampades
943 4349 1051 4398 maioris
1077 4348 1176 4397 Altaris
1202 4356 1228 4396 et
1251 4343 1369 4408 reliquas
1392 4342 1422 4390 in
1440 4342 1555 4393 Ecclesia

491 4411 621 4467 incendit.
664 4418 796 4470 Advertat
819 4421 956 4469 Diaconus
981 4417 1009 4464 in
1037 4415 1226 4466 decantatione
1248 4409 1406 4479 praeconii,
1442 4406 1554 4476 quodsi

492 4480 641 4549 imperator
660 4503 713 4535 non
732 4498 772 4536 est
790 4485 957 4547 Coronatus,
984 4483 1064 4533 debet
1087 4483 1194 4533 dicere:
1217 4480 1331 4530 electum
1351 4477 1555 4546 lmperatorent:

493 4545 564 4600 Sede
582 4561 669 4601 autem
687 4553 824 4615 Romana,
845 4551 994 4621 lmperia1i‚
1021 4550 1063 4601 vel
1082 4549 1236 4619 Episcopali
1255 4549 1387 4610 vacante,
1412 4541 1556 4598 omittenda

495 4626 557 4664 aunt
574 4617 674 4668 verba:
691 4620 780 4688 Papa,
798 4623 975 4693 imperatore,
994 4621 1038 4670 uel
1057 4619 1188 4671 Antistite
1206 4625 1309 4668 nostro.
1398 4650 1400 4655 -
