<?xml version="1.0" encoding="UTF-8"?>
<!DOCTYPE html PUBLIC "-//W3C//DTD XHTML 1.0 Transitional//EN"
    "http://www.w3.org/TR/xhtml1/DTD/xhtml1-transitional.dtd">
<html xmlns="http://www.w3.org/1999/xhtml" xml:lang="en" lang="en">
 <head>
  <title>
</title>
<meta http-equiv="Content-Type" content="text/html;charset=utf-8" />
  <meta name='ocr-system' content='tesseract 3.04.00' />
  <meta name='ocr-capabilities' content='ocr_page ocr_carea ocr_par ocr_line ocrx_word'/>
</head>
<body>
  <div class='ocr_page' id='page_1' title='image "./thesaurushymnol02danigoog/thesaurushymnol02danigoog_0313.png"; bbox 0 0 3750 5400; ppageno 0'>
   <div class='ocr_carea' id='block_1_1' title="bbox 842 697 940 772">
    <p class='ocr_par' dir='ltr' id='par_1_1' title="bbox 842 697 940 772">
     <span class='ocr_line' id='line_1_1' title="bbox 842 697 940 772; baseline 0 0"><span class='ocrx_word' id='word_1_1' title='bbox 842 697 940 772; x_wconf 67' lang='lat' dir='ltr'><strong>eal</strong></span> 
     </span>
    </p>
   </div>
   <div class='ocr_carea' id='block_1_2' title="bbox 315 867 1515 4713">
    <p class='ocr_par' dir='ltr' id='par_1_2' title="bbox 339 867 1488 1461">
     <span class='ocr_line' id='line_1_2' title="bbox 340 867 1488 957; baseline -0.003 -17"><span class='ocrx_word' id='word_1_2' title='bbox 340 874 456 957; x_wconf 86' lang='lat' dir='ltr'><strong>optimo</strong></span> <span class='ocrx_word' id='word_1_3' title='bbox 483 873 541 938; x_wconf 75' lang='lat' dir='ltr'><strong>Aen</strong></span> <span class='ocrx_word' id='word_1_4' title='bbox 576 867 711 952; x_wconf 74' lang='lat' dir='ltr'><strong>carmen,</strong></span> <span class='ocrx_word' id='word_1_5' title='bbox 748 874 822 955; x_wconf 86' lang='lat' dir='ltr'><strong>qnod</strong></span> <span class='ocrx_word' id='word_1_6' title='bbox 853 894 890 935; x_wconf 88' lang='lat' dir='ltr'><strong>ex</strong></span> <span class='ocrx_word' id='word_1_7' title='bbox 917 873 1032 935; x_wconf 87' lang='lat' dir='ltr'><strong>Greeeo</strong></span> <span class='ocrx_word' id='word_1_8' title='bbox 1060 873 1089 936; x_wconf 87' lang='lat' dir='ltr'><strong>in</strong></span> <span class='ocrx_word' id='word_1_9' title='bbox 1115 872 1237 938; x_wconf 84' lang='lat' dir='ltr'><strong>latinum</strong></span> <span class='ocrx_word' id='word_1_10' title='bbox 1265 876 1421 938; x_wconf 83' lang='lat' dir='ltr'><strong>treootnle·</strong></span> <span class='ocrx_word' id='word_1_11' title='bbox 1484 875 1488 884; x_wconf 80' lang='grc'><em>’</em></span> 
     </span>
     <span class='ocr_line' id='line_1_3' title="bbox 339 957 1420 1039; baseline -0.002 -15"><span class='ocrx_word' id='word_1_12' title='bbox 339 961 383 1024; x_wconf 78' lang='lat' dir='ltr'><strong>cit</strong></span> <span class='ocrx_word' id='word_1_13' title='bbox 416 957 510 1039; x_wconf 76' lang='lat' dir='ltr'><strong>potuit</strong></span> <span class='ocrx_word' id='word_1_14' title='bbox 545 957 642 1020; x_wconf 81' lang='lat' dir='ltr'><strong>dinero</strong></span> <span class='ocrx_word' id='word_1_15' title='bbox 671 960 815 1036; x_wconf 79' lang='lat' dir='ltr'><strong>grande</strong></span> <span class='ocrx_word' id='word_1_16' title='bbox 849 968 877 1018; x_wconf 91' lang='lat' dir='ltr'><strong>et</strong></span> <span class='ocrx_word' id='word_1_17' title='bbox 908 968 1051 1036; x_wconf 86' lang='lat' dir='ltr'><strong>potens.</strong></span> <span class='ocrx_word' id='word_1_18' title='bbox 1116 958 1199 1035; x_wconf 79' lang='lat' dir='ltr'><strong>Quod</strong></span> <span class='ocrx_word' id='word_1_19' title='bbox 1226 960 1262 1018; x_wconf 90' lang='lat' dir='ltr'><strong>ed</strong></span> <span class='ocrx_word' id='word_1_20' title='bbox 1290 962 1420 1039; x_wconf 73' lang='lat' dir='ltr'><strong>Ange-</strong></span> 
     </span>
     <span class='ocr_line' id='line_1_4' title="bbox 340 1041 1420 1122; baseline -0.004 -14"><span class='ocrx_word' id='word_1_21' title='bbox 340 1043 493 1108; x_wconf 78' lang='lat' dir='ltr'><strong>stinnin</strong></span> <span class='ocrx_word' id='word_1_22' title='bbox 521 1041 640 1119; x_wconf 82' lang='lat' dir='ltr'><strong>attinet,</strong></span> <span class='ocrx_word' id='word_1_23' title='bbox 667 1042 718 1104; x_wconf 90' lang='lat' dir='ltr'><strong>ille</strong></span> <span class='ocrx_word' id='word_1_24' title='bbox 747 1041 859 1103; x_wconf 82' lang='lat' dir='ltr'><strong>curarit</strong></span> <span class='ocrx_word' id='word_1_25' title='bbox 891 1052 923 1102; x_wconf 92' lang='lat' dir='ltr'><strong>ut</strong></span> <span class='ocrx_word' id='word_1_26' title='bbox 942 1043 1088 1103; x_wconf 82' lang='lat' dir='ltr'><strong>canticum</strong></span> <span class='ocrx_word' id='word_1_27' title='bbox 1125 1042 1155 1102; x_wconf 94' lang='lat' dir='ltr'><strong>in</strong></span> <span class='ocrx_word' id='word_1_28' title='bbox 1183 1042 1420 1122; x_wconf 62' lang='lat' dir='ltr'><strong>interpretatione</strong></span> 
     </span>
     <span class='ocr_line' id='line_1_5' title="bbox 339 1126 1418 1206; baseline -0.003 -14"><span class='ocrx_word' id='word_1_29' title='bbox 339 1127 539 1192; x_wconf 78' lang='lat' dir='ltr'><strong>Amirosiaea</strong></span> <span class='ocrx_word' id='word_1_30' title='bbox 561 1126 703 1189; x_wconf 82' lang='lat' dir='ltr'><strong>ecelesiae</strong></span> <span class='ocrx_word' id='word_1_31' title='bbox 716 1127 875 1188; x_wconf 85' lang='lat' dir='ltr'><strong>Africanae</strong></span> <span class='ocrx_word' id='word_1_32' title='bbox 892 1126 1105 1203; x_wconf 74' lang='lat' dir='ltr'><strong>innotesceret,</strong></span> <span class='ocrx_word' id='word_1_33' title='bbox 1127 1127 1167 1185; x_wconf 90' lang='lat' dir='ltr'><strong>ite</strong></span> <span class='ocrx_word' id='word_1_34' title='bbox 1181 1137 1211 1187; x_wconf 81' lang='lat' dir='ltr'><strong>nt</strong></span> <span class='ocrx_word' id='word_1_35' title='bbox 1225 1146 1282 1185; x_wconf 85' lang='lat' dir='ltr'><strong>aon</strong></span> <span class='ocrx_word' id='word_1_36' title='bbox 1303 1126 1418 1206; x_wconf 79' lang='lat' dir='ltr'><strong>ineptos</strong></span> 
     </span>
     <span class='ocr_line' id='line_1_6' title="bbox 340 1210 1420 1291; baseline 0.001 -17"><span class='ocrx_word' id='word_1_37' title='bbox 340 1211 541 1291; x_wconf 80' lang='lat' dir='ltr'><strong>sitantiqnns</strong></span> <span class='ocrx_word' id='word_1_38' title='bbox 562 1210 680 1271; x_wconf 78' lang='lat' dir='ltr'><strong>titnlner</strong></span> <span class='ocrx_word' id='word_1_39' title='bbox 709 1210 1115 1272; x_wconf 79' lang='lat' dir='ltr'><strong>ConticuntAmlrrosii</strong></span> <span class='ocrx_word' id='word_1_40' title='bbox 1152 1211 1420 1289; x_wconf 73' lang='lat' dir='ltr'><strong>etAeguetiei.</strong></span> 
     </span>
     <span class='ocr_line' id='line_1_7' title="bbox 339 1293 1420 1374; baseline 0 -18"><span class='ocrx_word' id='word_1_41' title='bbox 339 1296 427 1362; x_wconf 79' lang='lat' dir='ltr'><strong>Haeo</strong></span> <span class='ocrx_word' id='word_1_42' title='bbox 446 1296 518 1356; x_wconf 78' lang='lat' dir='ltr'><strong>milei</strong></span> <span class='ocrx_word' id='word_1_43' title='bbox 539 1293 682 1357; x_wconf 77' lang='lat' dir='ltr'><strong>arrident:</strong></span> <span class='ocrx_word' id='word_1_44' title='bbox 713 1293 762 1374; x_wconf 87' lang='lat' dir='ltr'><strong>qni</strong></span> <span class='ocrx_word' id='word_1_45' title='bbox 793 1313 878 1356; x_wconf 85' lang='lat' dir='ltr'><strong>secus</strong></span> <span class='ocrx_word' id='word_1_46' title='bbox 906 1294 1012 1356; x_wconf 80' lang='lat' dir='ltr'><strong>sentiet</strong></span> <span class='ocrx_word' id='word_1_47' title='bbox 1036 1313 1091 1356; x_wconf 89' lang='lat' dir='ltr'><strong>noo</strong></span> <span class='ocrx_word' id='word_1_48' title='bbox 1120 1294 1237 1356; x_wconf 86' lang='lat' dir='ltr'><strong>edoeeet</strong></span> <span class='ocrx_word' id='word_1_49' title='bbox 1266 1312 1340 1371; x_wconf 86' lang='lat' dir='ltr'><strong>quae</strong></span> <span class='ocrx_word' id='word_1_50' title='bbox 1361 1295 1420 1356; x_wconf 83' lang='lat' dir='ltr'><strong>sint</strong></span> 
     </span>
     <span class='ocr_line' id='line_1_8' title="bbox 341 1377 638 1461; baseline -0.013 -17"><span class='ocrx_word' id='word_1_51' title='bbox 341 1380 443 1461; x_wconf 77' lang='lat' dir='ltr'><strong>magis</strong></span> <span class='ocrx_word' id='word_1_52' title='bbox 465 1377 638 1457; x_wconf 79' lang='lat' dir='ltr'><strong>probabilia.</strong></span> 
     </span>
    </p>

    <p class='ocr_par' dir='ltr' id='par_1_3' title="bbox 315 1459 1515 4713">
     <span class='ocr_line' id='line_1_9' title="bbox 431 1459 1418 1539; baseline -0.005 -13"><span class='ocrx_word' id='word_1_53' title='bbox 431 1463 509 1526; x_wconf 79' lang='lat' dir='ltr'><strong>Vero</strong></span> <span class='ocrx_word' id='word_1_54' title='bbox 537 1461 633 1526; x_wconf 88' lang='lat' dir='ltr'><strong>simile</strong></span> <span class='ocrx_word' id='word_1_55' title='bbox 662 1468 709 1521; x_wconf 86' lang='lat' dir='ltr'><strong>est·</strong></span> <span class='ocrx_word' id='word_1_56' title='bbox 735 1459 877 1522; x_wconf 87' lang='lat' dir='ltr'><strong>canticum</strong></span> <span class='ocrx_word' id='word_1_57' title='bbox 912 1462 978 1522; x_wconf 91' lang='lat' dir='ltr'><strong>inde</strong></span> <span class='ocrx_word' id='word_1_58' title='bbox 1012 1480 1031 1524; x_wconf 94' lang='lat' dir='ltr'><strong>e</strong></span> <span class='ocrx_word' id='word_1_59' title='bbox 1066 1462 1245 1539; x_wconf 79' lang='lat' dir='ltr'><strong>temporibus</strong></span> <span class='ocrx_word' id='word_1_60' title='bbox 1272 1460 1418 1522; x_wconf 75' lang='lat' dir='ltr'><strong>Ambrosii</strong></span> 
     </span>
     <span class='ocr_line' id='line_1_10' title="bbox 340 1543 1419 1627; baseline -0.002 -17"><span class='ocrx_word' id='word_1_61' title='bbox 340 1547 422 1627; x_wconf 73' lang='lat' dir='ltr'><strong>epod</strong></span> <span class='ocrx_word' id='word_1_62' title='bbox 450 1546 558 1608; x_wconf 88' lang='lat' dir='ltr'><strong>multos</strong></span> <span class='ocrx_word' id='word_1_63' title='bbox 585 1544 616 1605; x_wconf 92' lang='lat' dir='ltr'><strong>in</strong></span> <span class='ocrx_word' id='word_1_64' title='bbox 644 1543 700 1605; x_wconf 90' lang='lat' dir='ltr'><strong>line</strong></span> <span class='ocrx_word' id='word_1_65' title='bbox 730 1543 825 1605; x_wconf 84' lang='lat' dir='ltr'><strong>Ollieii</strong></span> <span class='ocrx_word' id='word_1_66' title='bbox 847 1544 980 1606; x_wconf 84' lang='lat' dir='ltr'><strong>matutini</strong></span> <span class='ocrx_word' id='word_1_67' title='bbox 1002 1565 1068 1606; x_wconf 85' lang='lat' dir='ltr'><strong>esse</strong></span> <span class='ocrx_word' id='word_1_68' title='bbox 1094 1548 1284 1607; x_wconf 86' lang='lat' dir='ltr'><strong>decantatam.</strong></span> <span class='ocrx_word' id='word_1_69' title='bbox 1329 1546 1419 1609; x_wconf 86' lang='lat' dir='ltr'><strong>Gela-</strong></span> 
     </span>
     <span class='ocr_line' id='line_1_11' title="bbox 342 1628 1419 1709; baseline -0.002 -16"><span class='ocrx_word' id='word_1_70' title='bbox 342 1633 421 1696; x_wconf 86' lang='lat' dir='ltr'><strong>sictm</strong></span> <span class='ocrx_word' id='word_1_71' title='bbox 444 1629 558 1709; x_wconf 82' lang='lat' dir='ltr'><strong>quidem</strong></span> <span class='ocrx_word' id='word_1_72' title='bbox 584 1628 747 1707; x_wconf 89' lang='lat' dir='ltr'><strong>pontilieem</strong></span> <span class='ocrx_word' id='word_1_73' title='bbox 771 1630 803 1706; x_wconf 70' lang='lat' dir='ltr'><strong>(i</strong></span> <span class='ocrx_word' id='word_1_74' title='bbox 817 1630 893 1699; x_wconf 80' lang='lat' dir='ltr'><strong>496t</strong></span> <span class='ocrx_word' id='word_1_75' title='bbox 914 1630 993 1691; x_wconf 80' lang='lat' dir='ltr'><strong>hone</strong></span> <span class='ocrx_word' id='word_1_76' title='bbox 1010 1630 1096 1690; x_wconf 88' lang='lat' dir='ltr'><strong>ritum</strong></span> <span class='ocrx_word' id='word_1_77' title='bbox 1112 1629 1161 1691; x_wconf 91' lang='lat' dir='ltr'><strong>teti</strong></span> <span class='ocrx_word' id='word_1_78' title='bbox 1184 1628 1324 1691; x_wconf 86' lang='lat' dir='ltr'><strong>eeclesiae</strong></span> <span class='ocrx_word' id='word_1_79' title='bbox 1338 1650 1419 1691; x_wconf 87' lang='lat' dir='ltr'><strong>eem-</strong></span> 
     </span>
     <span class='ocr_line' id='line_1_12' title="bbox 340 1711 1423 1793; baseline -0.009 -15"><span class='ocrx_word' id='word_1_80' title='bbox 340 1715 500 1778; x_wconf 85' lang='lat' dir='ltr'><strong>mendesee</strong></span> <span class='ocrx_word' id='word_1_81' title='bbox 521 1712 697 1793; x_wconf 80' lang='lat' dir='ltr'><strong>(Beoeooius</strong></span> <span class='ocrx_word' id='word_1_82' title='bbox 720 1711 748 1772; x_wconf 93' lang='lat' dir='ltr'><strong>in</strong></span> <span class='ocrx_word' id='word_1_83' title='bbox 771 1712 944 1791; x_wconf 78' lang='lat' dir='ltr'><strong>Magnifieat</strong></span> <span class='ocrx_word' id='word_1_84' title='bbox 967 1714 991 1773; x_wconf 93' lang='lat' dir='ltr'><strong>l.</strong></span> <span class='ocrx_word' id='word_1_85' title='bbox 1019 1734 1044 1775; x_wconf 90' lang='lat' dir='ltr'><strong>c.</strong></span> <span class='ocrx_word' id='word_1_86' title='bbox 1069 1716 1130 1792; x_wconf 85' lang='lat'><strong>19.)</strong></span> <span class='ocrx_word' id='word_1_87' title='bbox 1152 1713 1333 1792; x_wconf 81' lang='lat' dir='ltr'><strong>argumentis</strong></span> <span class='ocrx_word' id='word_1_88' title='bbox 1354 1725 1423 1775; x_wconf 77' lang='lat' dir='ltr'><strong>sta..</strong></span> 
     </span>
     <span class='ocr_line' id='line_1_13' title="bbox 342 1789 1420 1878; baseline -0.001 -18"><span class='ocrx_word' id='word_1_89' title='bbox 342 1798 424 1861; x_wconf 79' lang='lat' dir='ltr'><strong>ltiliri</strong></span> <span class='ocrx_word' id='word_1_90' title='bbox 452 1798 566 1878; x_wconf 80' lang='lat' dir='ltr'><strong>nequit:</strong></span> <span class='ocrx_word' id='word_1_91' title='bbox 587 1798 675 1857; x_wconf 89' lang='lat' dir='ltr'><strong>immo</strong></span> <span class='ocrx_word' id='word_1_92' title='bbox 699 1794 727 1856; x_wconf 89' lang='lat' dir='ltr'><strong>in</strong></span> <span class='ocrx_word' id='word_1_93' title='bbox 751 1797 815 1877; x_wconf 86' lang='lat' dir='ltr'><strong>ipsa</strong></span> <span class='ocrx_word' id='word_1_94' title='bbox 830 1798 953 1859; x_wconf 87' lang='lat' dir='ltr'><strong>ecelesia</strong></span> <span class='ocrx_word' id='word_1_95' title='bbox 968 1789 1101 1859; x_wconf 85' lang='lat' dir='ltr'><strong>Romano</strong></span> <span class='ocrx_word' id='word_1_96' title='bbox 1123 1800 1239 1858; x_wconf 84' lang='lat' dir='ltr'><strong>saeculo</strong></span> <span class='ocrx_word' id='word_1_97' title='bbox 1253 1816 1328 1858; x_wconf 89' lang='lat' dir='ltr'><strong>nono</strong></span> <span class='ocrx_word' id='word_1_98' title='bbox 1349 1817 1420 1859; x_wconf 90' lang='lat' dir='ltr'><strong>een·</strong></span> 
     </span>
     <span class='ocr_line' id='line_1_14' title="bbox 315 1879 1416 1962; baseline -0.002 -18"><span class='ocrx_word' id='word_1_99' title='bbox 315 1895 320 1914; x_wconf 79' lang='grc'><strong>“</strong></span> <span class='ocrx_word' id='word_1_100' title='bbox 342 1884 514 1944; x_wconf 81' lang='lat' dir='ltr'><strong>tieemnen</strong></span> <span class='ocrx_word' id='word_1_101' title='bbox 536 1879 783 1960; x_wconf 87' lang='lat' dir='ltr'><strong>in.quntidiannm</strong></span> <span class='ocrx_word' id='word_1_102' title='bbox 805 1901 889 1941; x_wconf 90' lang='lat' dir='ltr'><strong>usum</strong></span> <span class='ocrx_word' id='word_1_103' title='bbox 912 1882 1032 1949; x_wconf 77' lang='lat' dir='ltr'><strong>alienat.</strong></span> <span class='ocrx_word' id='word_1_104' title='bbox 1069 1882 1248 1943; x_wconf 70' lang='lat' dir='ltr'><strong>⁴Amaleriue</strong></span> <span class='ocrx_word' id='word_1_105' title='bbox 1269 1884 1346 1943; x_wconf 89' lang='lat' dir='ltr'><strong>enim</strong></span> <span class='ocrx_word' id='word_1_106' title='bbox 1368 1882 1416 1962; x_wconf 80' lang='lat' dir='ltr'><strong>qni</strong></span> 
     </span>
     <span class='ocr_line' id='line_1_15' title="bbox 343 1964 1417 2029; baseline -0.001 0"><span class='ocrx_word' id='word_1_107' title='bbox 343 1969 401 2029; x_wconf 74' lang='lat' dir='ltr'><strong>snb</strong></span> <span class='ocrx_word' id='word_1_108' title='bbox 417 1966 570 2028; x_wconf 69' lang='lat' dir='ltr'><strong>tudano</strong></span> <span class='ocrx_word' id='word_1_109' title='bbox 593 1965 646 2027; x_wconf 86' lang='lat' dir='ltr'><strong>l&#39;io</strong></span> <span class='ocrx_word' id='word_1_110' title='bbox 669 1964 766 2025; x_wconf 87' lang='lat' dir='ltr'><strong>floruit</strong></span> <span class='ocrx_word' id='word_1_111' title='bbox 788 1975 816 2024; x_wconf 90' lang='lat' dir='ltr'><strong>et</strong></span> <span class='ocrx_word' id='word_1_112' title='bbox 836 1967 873 2024; x_wconf 88' lang='lat' dir='ltr'><strong>al</strong></span> <span class='ocrx_word' id='word_1_113' title='bbox 894 1986 928 2025; x_wconf 90' lang='lat' dir='ltr'><strong>eo</strong></span> <span class='ocrx_word' id='word_1_114' title='bbox 953 1966 1061 2027; x_wconf 80' lang='lat' dir='ltr'><strong>missua</strong></span> <span class='ocrx_word' id='word_1_115' title='bbox 1082 1978 1126 2026; x_wconf 85' lang='lat' dir='ltr'><strong>cst</strong></span> <span class='ocrx_word' id='word_1_116' title='bbox 1148 1967 1272 2027; x_wconf 87' lang='lat' dir='ltr'><strong>Romam</strong></span> <span class='ocrx_word' id='word_1_117' title='bbox 1295 1966 1356 2029; x_wconf 82' lang='lat'><strong>831</strong></span> <span class='ocrx_word' id='word_1_118' title='bbox 1380 1968 1417 2028; x_wconf 82' lang='lat' dir='ltr'><strong>ad</strong></span> 
     </span>
     <span class='ocr_line' id='line_1_16' title="bbox 343 2049 1419 2131; baseline -0.001 -17"><span class='ocrx_word' id='word_1_119' title='bbox 343 2050 525 2131; x_wconf 74' lang='lat' dir='ltr'><strong>Gregoriom</strong></span> <span class='ocrx_word' id='word_1_120' title='bbox 547 2050 597 2113; x_wconf 82' lang='lat' dir='ltr'><strong>tv.</strong></span> <span class='ocrx_word' id='word_1_121' title='bbox 617 2049 763 2127; x_wconf 77' lang='lat' dir='ltr'><strong>legatione</strong></span> <span class='ocrx_word' id='word_1_122' title='bbox 791 2050 921 2110; x_wconf 85' lang='lat' dir='ltr'><strong>conlecta</strong></span> <span class='ocrx_word' id='word_1_123' title='bbox 943 2050 1047 2110; x_wconf 76' lang='lat' dir='ltr'><strong>lilinum</strong></span> <span class='ocrx_word' id='word_1_124' title='bbox 1070 2050 1157 2109; x_wconf 85' lang='lat' dir='ltr'><strong>edidit</strong></span> <span class='ocrx_word' id='word_1_125' title='bbox 1179 2052 1214 2111; x_wconf 85' lang='lat' dir='ltr'><strong>tle</strong></span> <span class='ocrx_word' id='word_1_126' title='bbox 1235 2049 1336 2110; x_wconf 87' lang='lat' dir='ltr'><strong>ordine</strong></span> <span class='ocrx_word' id='word_1_127' title='bbox 1356 2051 1419 2113; x_wconf 88' lang='lat' dir='ltr'><strong>An-</strong></span> 
     </span>
     <span class='ocr_line' id='line_1_17' title="bbox 342 2132 1515 2214; baseline -0.003 -18"><span class='ocrx_word' id='word_1_128' title='bbox 342 2136 548 2213; x_wconf 76' lang='lat' dir='ltr'><strong>tiplrenernrn,</strong></span> <span class='ocrx_word' id='word_1_129' title='bbox 573 2143 636 2213; x_wconf 90' lang='lat' dir='ltr'><strong>post</strong></span> <span class='ocrx_word' id='word_1_130' title='bbox 658 2132 740 2194; x_wconf 87' lang='lat' dir='ltr'><strong>enies</strong></span> <span class='ocrx_word' id='word_1_131' title='bbox 763 2134 916 2211; x_wconf 75' lang='lat' dir='ltr'><strong>prologum</strong></span> <span class='ocrx_word' id='word_1_132' title='bbox 940 2134 1111 2214; x_wconf 72' lang='lat' dir='ltr'><strong>aggreditur</strong></span> <span class='ocrx_word' id='word_1_133' title='bbox 1131 2134 1326 2195; x_wconf 86' lang='lat' dir='ltr'><strong>narrationem</strong></span> <span class='ocrx_word' id='word_1_134' title='bbox 1354 2136 1417 2211; x_wconf 90' lang='lat' dir='ltr'><strong>„de</strong></span> <span class='ocrx_word' id='word_1_135' title='bbox 1511 2158 1515 2167; x_wconf 59' lang='lat'>¹</span> 
     </span>
     <span class='ocr_line' id='line_1_18' title="bbox 342 2217 1499 2299; baseline -0.007 -17"><span class='ocrx_word' id='word_1_136' title='bbox 342 2219 392 2284; x_wconf 74' lang='lat' dir='ltr'><strong>tie</strong></span> <span class='ocrx_word' id='word_1_137' title='bbox 411 2237 488 2299; x_wconf 80' lang='lat' dir='ltr'><strong>qnae</strong></span> <span class='ocrx_word' id='word_1_138' title='bbox 508 2238 571 2279; x_wconf 91' lang='lat' dir='ltr'><strong>meo</strong></span> <span class='ocrx_word' id='word_1_139' title='bbox 594 2217 783 2295; x_wconf 73' lang='lat' dir='ltr'><strong>interrogaturi</strong></span> <span class='ocrx_word' id='word_1_140' title='bbox 807 2237 948 2297; x_wconf 83' lang='lat' dir='ltr'><strong>responsa</strong></span> <span class='ocrx_word' id='word_1_141' title='bbox 969 2229 1036 2280; x_wconf 87' lang='lat' dir='ltr'><strong>sunt</strong></span> <span class='ocrx_word' id='word_1_142' title='bbox 1057 2238 1074 2278; x_wconf 91' lang='lat' dir='ltr'><strong>a</strong></span> <span class='ocrx_word' id='word_1_143' title='bbox 1096 2217 1250 2297; x_wconf 75' lang='lat' dir='ltr'><strong>Magistrie</strong></span> <span class='ocrx_word' id='word_1_144' title='bbox 1264 2219 1416 2280; x_wconf 84' lang='lat' dir='ltr'><strong>Romanae</strong></span> <span class='ocrx_word' id='word_1_145' title='bbox 1497 2267 1499 2274; x_wconf 93' lang='lat'><strong>.</strong></span> 
     </span>
     <span class='ocr_line' id='line_1_19' title="bbox 342 2300 1418 2382; baseline 0 -17"><span class='ocrx_word' id='word_1_146' title='bbox 342 2303 516 2366; x_wconf 84' lang='lat' dir='ltr'><strong>eecleetee“</strong></span> <span class='ocrx_word' id='word_1_147' title='bbox 545 2302 593 2362; x_wconf 84' lang='lat' dir='ltr'><strong>ott</strong></span> <span class='ocrx_word' id='word_1_148' title='bbox 621 2301 695 2362; x_wconf 89' lang='lat' dir='ltr'><strong>iuter</strong></span> <span class='ocrx_word' id='word_1_149' title='bbox 723 2300 783 2362; x_wconf 85' lang='lat' dir='ltr'><strong>elie</strong></span> <span class='ocrx_word' id='word_1_150' title='bbox 805 2302 877 2363; x_wconf 80' lang='lat' dir='ltr'><strong>haee</strong></span> <span class='ocrx_word' id='word_1_151' title='bbox 900 2301 1041 2381; x_wconf 76' lang='lat' dir='ltr'><strong>legimnse</strong></span> <span class='ocrx_word' id='word_1_152' title='bbox 1068 2303 1246 2382; x_wconf 80' lang='lat' dir='ltr'><strong>interrogari</strong></span> <span class='ocrx_word' id='word_1_153' title='bbox 1275 2302 1300 2362; x_wconf 92' lang='lat' dir='ltr'><strong>si</strong></span> <span class='ocrx_word' id='word_1_154' title='bbox 1330 2322 1418 2364; x_wconf 81' lang='lat' dir='ltr'><strong>cane-</strong></span> 
     </span>
     <span class='ocr_line' id='line_1_20' title="bbox 343 2384 1417 2467; baseline 0.001 -19"><span class='ocrx_word' id='word_1_155' title='bbox 343 2397 412 2449; x_wconf 85' lang='lat' dir='ltr'><strong>rent</strong></span> <span class='ocrx_word' id='word_1_156' title='bbox 432 2399 485 2467; x_wconf 81' lang='lat' dir='ltr'><strong>per</strong></span> <span class='ocrx_word' id='word_1_157' title='bbox 505 2384 673 2448; x_wconf 82' lang='lat' dir='ltr'><strong>Dominiees</strong></span> <span class='ocrx_word' id='word_1_158' title='bbox 694 2397 792 2446; x_wconf 87' lang='lat' dir='ltr'><strong>noctes</strong></span> <span class='ocrx_word' id='word_1_159' title='bbox 815 2385 1017 2447; x_wconf 75' lang='lat' dir='ltr'><strong>&#39;l&#39;elleume</strong></span> <span class='ocrx_word' id='word_1_160' title='bbox 1044 2388 1229 2465; x_wconf 82' lang='lat' dir='ltr'><strong>Responsum</strong></span> <span class='ocrx_word' id='word_1_161' title='bbox 1250 2397 1308 2447; x_wconf 87' lang='lat' dir='ltr'><strong>est:</strong></span> <span class='ocrx_word' id='word_1_162' title='bbox 1333 2387 1417 2449; x_wconf 81' lang='lat' dir='ltr'><strong>Tan·</strong></span> 
     </span>
     <span class='ocr_line' id='line_1_21' title="bbox 334 2467 1418 2549; baseline -0.002 -16"><span class='ocrx_word' id='word_1_163' title='bbox 334 2482 409 2534; x_wconf 84' lang='lat' dir='ltr'><strong>tem</strong></span> <span class='ocrx_word' id='word_1_164' title='bbox 430 2469 461 2532; x_wconf 89' lang='lat' dir='ltr'><strong>in</strong></span> <span class='ocrx_word' id='word_1_165' title='bbox 484 2470 631 2532; x_wconf 84' lang='lat' dir='ltr'><strong>Natalitiis</strong></span> <span class='ocrx_word' id='word_1_166' title='bbox 657 2469 821 2549; x_wconf 79' lang='lat' dir='ltr'><strong>pontific-nm</strong></span> <span class='ocrx_word' id='word_1_167' title='bbox 846 2467 899 2530; x_wconf 79' lang='lat' dir='ltr'><strong>&#39;te</strong></span> <span class='ocrx_word' id='word_1_168' title='bbox 917 2471 1029 2532; x_wconf 86' lang='lat' dir='ltr'><strong>Deum</strong></span> <span class='ocrx_word' id='word_1_169' title='bbox 1052 2472 1213 2532; x_wconf 86' lang='lat' dir='ltr'><strong>cauirnns.“</strong></span> <span class='ocrx_word' id='word_1_170' title='bbox 1263 2469 1310 2531; x_wconf 88' lang='lat' dir='ltr'><strong>Cl.</strong></span> <span class='ocrx_word' id='word_1_171' title='bbox 1332 2491 1418 2549; x_wconf 88' lang='lat' dir='ltr'><strong>prae·</strong></span> 
     </span>
     <span class='ocr_line' id='line_1_22' title="bbox 345 2554 1415 2635; baseline -0.002 -17"><span class='ocrx_word' id='word_1_172' title='bbox 345 2566 429 2618; x_wconf 77' lang='lat' dir='ltr'><strong>eree</strong></span> <span class='ocrx_word' id='word_1_173' title='bbox 450 2554 625 2615; x_wconf 87' lang='lat' dir='ltr'><strong>Gacoerium</strong></span> <span class='ocrx_word' id='word_1_174' title='bbox 650 2554 678 2614; x_wconf 91' lang='lat' dir='ltr'><strong>in</strong></span> <span class='ocrx_word' id='word_1_175' title='bbox 702 2554 786 2626; x_wconf 85' lang='lat' dir='ltr'><strong>Notis</strong></span> <span class='ocrx_word' id='word_1_176' title='bbox 815 2555 849 2610; x_wconf 84' lang='lat' dir='ltr'><strong>acl</strong></span> <span class='ocrx_word' id='word_1_177' title='bbox 880 2554 987 2614; x_wconf 77' lang='lat' dir='ltr'><strong>lilinum</strong></span> <span class='ocrx_word' id='word_1_178' title='bbox 1016 2556 1152 2615; x_wconf 82' lang='lat' dir='ltr'><strong>dicrrnnm</strong></span> <span class='ocrx_word' id='word_1_179' title='bbox 1177 2555 1261 2614; x_wconf 87' lang='lat' dir='ltr'><strong>Rem.</strong></span> <span class='ocrx_word' id='word_1_180' title='bbox 1285 2564 1362 2634; x_wconf 92' lang='lat' dir='ltr'><strong>pont.</strong></span> <span class='ocrx_word' id='word_1_181' title='bbox 1386 2578 1415 2635; x_wconf 88' lang='lat' dir='ltr'><strong>p.</strong></span> 
     </span>
     <span class='ocr_line' id='line_1_23' title="bbox 344 2637 1417 2717; baseline -0.004 -12"><span class='ocrx_word' id='word_1_182' title='bbox 344 2639 400 2705; x_wconf 76' lang='grc'><strong>47.</strong></span> <span class='ocrx_word' id='word_1_183' title='bbox 445 2637 554 2701; x_wconf 78' lang='lat' dir='ltr'><strong>Verum</strong></span> <span class='ocrx_word' id='word_1_184' title='bbox 581 2637 689 2699; x_wconf 87' lang='lat' dir='ltr'><strong>sollieit</strong></span> <span class='ocrx_word' id='word_1_185' title='bbox 717 2637 833 2716; x_wconf 75' lang='lat' dir='ltr'><strong>Regula</strong></span> <span class='ocrx_word' id='word_1_186' title='bbox 855 2637 886 2698; x_wconf 89' lang='lat' dir='ltr'><strong>S.</strong></span> <span class='ocrx_word' id='word_1_187' title='bbox 910 2638 1054 2697; x_wconf 86' lang='lat' dir='ltr'><strong>Benedicti</strong></span> <span class='ocrx_word' id='word_1_188' title='bbox 1077 2640 1112 2697; x_wconf 90' lang='lat' dir='ltr'><strong>ad</strong></span> <span class='ocrx_word' id='word_1_189' title='bbox 1135 2640 1283 2717; x_wconf 78' lang='lat' dir='ltr'><strong>autiqnnrn</strong></span> <span class='ocrx_word' id='word_1_190' title='bbox 1313 2639 1417 2701; x_wconf 90' lang='lat' dir='ltr'><strong>centici</strong></span> 
     </span>
     <span class='ocr_line' id='line_1_24' title="bbox 347 2722 1416 2802; baseline -0.003 -15"><span class='ocrx_word' id='word_1_191' title='bbox 347 2743 445 2787; x_wconf 74' lang='lat' dir='ltr'><strong>esen.</strong></span> <span class='ocrx_word' id='word_1_192' title='bbox 470 2725 659 2802; x_wconf 79' lang='lat' dir='ltr'><strong>prodendum.</strong></span> <span class='ocrx_word' id='word_1_193' title='bbox 714 2723 794 2783; x_wconf 86' lang='lat' dir='ltr'><strong>Adeo</strong></span> <span class='ocrx_word' id='word_1_194' title='bbox 830 2722 922 2783; x_wconf 87' lang='lat' dir='ltr'><strong>sancti</strong></span> <span class='ocrx_word' id='word_1_195' title='bbox 944 2722 1007 2785; x_wconf 86' lang='lat' dir='ltr'><strong>tviri</strong></span> <span class='ocrx_word' id='word_1_196' title='bbox 1044 2722 1178 2801; x_wconf 84' lang='lat' dir='ltr'><strong>discipuli</strong></span> <span class='ocrx_word' id='word_1_197' title='bbox 1216 2733 1298 2783; x_wconf 88' lang='lat' dir='ltr'><strong>erant</strong></span> <span class='ocrx_word' id='word_1_198' title='bbox 1324 2724 1416 2784; x_wconf 76' lang='lat' dir='ltr'><strong>seduli</strong></span> 
     </span>
     <span class='ocr_line' id='line_1_25' title="bbox 345 2799 1454 2886; baseline -0.002 -15"><span class='ocrx_word' id='word_1_199' title='bbox 345 2808 378 2871; x_wconf 82' lang='lat' dir='ltr'><strong>in</strong></span> <span class='ocrx_word' id='word_1_200' title='bbox 397 2806 510 2869; x_wconf 77' lang='lat' dir='ltr'><strong>cantion</strong></span> <span class='ocrx_word' id='word_1_201' title='bbox 533 2807 584 2867; x_wconf 89' lang='lat' dir='ltr'><strong>illo</strong></span> <span class='ocrx_word' id='word_1_202' title='bbox 608 2799 768 2883; x_wconf 79' lang='lat' dir='ltr'><strong>recitando,</strong></span> <span class='ocrx_word' id='word_1_203' title='bbox 799 2817 828 2865; x_wconf 90' lang='lat' dir='ltr'><strong>nt</strong></span> <span class='ocrx_word' id='word_1_204' title='bbox 855 2806 972 2866; x_wconf 86' lang='lat' dir='ltr'><strong>saeculo</strong></span> <span class='ocrx_word' id='word_1_205' title='bbox 995 2806 1144 2866; x_wconf 86' lang='lat' dir='ltr'><strong>undecimo</strong></span> <span class='ocrx_word' id='word_1_206' title='bbox 1166 2807 1242 2885; x_wconf 86' lang='lat' dir='ltr'><strong>apud</strong></span> <span class='ocrx_word' id='word_1_207' title='bbox 1265 2807 1418 2886; x_wconf 73' lang='lat' dir='ltr'><strong>episcopos</strong></span> <span class='ocrx_word' id='word_1_208' title='bbox 1452 2877 1454 2883; x_wconf 25' lang='lat'><strong>¹</strong></span> 
     </span>
     <span class='ocr_line' id='line_1_26' title="bbox 346 2889 1419 2972; baseline -0.004 -17"><span class='ocrx_word' id='word_1_209' title='bbox 346 2901 568 2972; x_wconf 68' lang='lat' dir='ltr'><strong>macerentur,</strong></span> <span class='ocrx_word' id='word_1_210' title='bbox 590 2892 664 2969; x_wconf 76' lang='lat' dir='ltr'><strong>uctod</strong></span> <span class='ocrx_word' id='word_1_211' title='bbox 688 2910 724 2951; x_wconf 90' lang='lat' dir='ltr'><strong>ue</strong></span> <span class='ocrx_word' id='word_1_212' title='bbox 746 2901 873 2968; x_wconf 64' lang='lat' dir='ltr'><strong>tricorpore</strong></span> <span class='ocrx_word' id='word_1_213' title='bbox 889 2889 1002 2967; x_wconf 84' lang='lat' dir='ltr'><strong>qrriclem</strong></span> <span class='ocrx_word' id='word_1_214' title='bbox 1018 2892 1165 2950; x_wconf 79' lang='lat' dir='ltr'><strong>Adventus</strong></span> <span class='ocrx_word' id='word_1_215' title='bbox 1178 2903 1206 2949; x_wconf 88' lang='lat' dir='ltr'><strong>et</strong></span> <span class='ocrx_word' id='word_1_216' title='bbox 1220 2891 1419 2970; x_wconf 69' lang='lat' dir='ltr'><strong>Quadr‘agesi-¹</strong></span> 
     </span>
     <span class='ocr_line' id='line_1_27' title="bbox 344 2973 1447 3054; baseline -0.005 -17"><span class='ocrx_word' id='word_1_217' title='bbox 344 2994 413 3040; x_wconf 76' lang='lat' dir='ltr'><strong>mee</strong></span> <span class='ocrx_word' id='word_1_218' title='bbox 443 2976 581 3054; x_wconf 76' lang='lat' dir='ltr'><strong>hymnam</strong></span> <span class='ocrx_word' id='word_1_219' title='bbox 612 2973 817 3052; x_wconf 82' lang='lat' dir='ltr'><strong>triumphalem</strong></span> <span class='ocrx_word' id='word_1_220' title='bbox 841 2974 1070 3036; x_wconf 85' lang='lat' dir='ltr'><strong>intermitterent.</strong></span> <span class='ocrx_word' id='word_1_221' title='bbox 1116 2975 1288 3053; x_wconf 85' lang='lat' dir='ltr'><strong>Radulphns</strong></span> <span class='ocrx_word' id='word_1_222' title='bbox 1310 2975 1447 3037; x_wconf 79' lang='lat' dir='ltr'><strong>Glnlter.</strong></span> 
     </span>
     <span class='ocr_line' id='line_1_28' title="bbox 345 3057 1418 3138; baseline -0.006 -13"><span class='ocrx_word' id='word_1_223' title='bbox 345 3061 461 3125; x_wconf 81' lang='lat' dir='ltr'><strong>Hister.</strong></span> <span class='ocrx_word' id='word_1_224' title='bbox 483 3060 537 3134; x_wconf 90' lang='grc' dir='ltr'>ΙΙΙ,</span> <span class='ocrx_word' id='word_1_225' title='bbox 559 3060 590 3121; x_wconf 89' lang='lat'><strong>3.</strong></span> <span class='ocrx_word' id='word_1_226' title='bbox 611 3059 724 3119; x_wconf 88' lang='lat' dir='ltr'><strong>Natalis</strong></span> <span class='ocrx_word' id='word_1_227' title='bbox 745 3059 832 3118; x_wconf 84' lang='lat' dir='ltr'><strong>Alex.</strong></span> <span class='ocrx_word' id='word_1_228' title='bbox 847 3057 971 3137; x_wconf 76' lang='lat' dir='ltr'><strong>Syuops.</strong></span> <span class='ocrx_word' id='word_1_229' title='bbox 991 3076 1068 3122; x_wconf 82' lang='lat' dir='ltr'><strong>saec.</strong></span> <span class='ocrx_word' id='word_1_230' title='bbox 1093 3058 1148 3130; x_wconf 81' lang='grc' dir='ltr'>ΙΙΙ,</span> <span class='ocrx_word' id='word_1_231' title='bbox 1172 3078 1196 3118; x_wconf 88' lang='lat' dir='ltr'><strong>c.</strong></span> <span class='ocrx_word' id='word_1_232' title='bbox 1210 3058 1240 3120; x_wconf 88' lang='lat'><strong>8.</strong></span> <span class='ocrx_word' id='word_1_233' title='bbox 1253 3058 1418 3138; x_wconf 76' lang='lat' dir='ltr'><strong>Krnmayer</strong></span> 
     </span>
     <span class='ocr_line' id='line_1_29' title="bbox 344 3143 1417 3219; baseline -0.005 -11"><span class='ocrx_word' id='word_1_234' title='bbox 344 3146 428 3209; x_wconf 75' lang='lat' dir='ltr'><strong>utet.</strong></span> <span class='ocrx_word' id='word_1_235' title='bbox 457 3143 537 3205; x_wconf 79' lang='lat' dir='ltr'><strong>licei.</strong></span> <span class='ocrx_word' id='word_1_236' title='bbox 567 3143 649 3205; x_wconf 86' lang='lat' dir='ltr'><strong>Ceut.</strong></span> <span class='ocrx_word' id='word_1_237' title='bbox 677 3143 726 3207; x_wconf 85' lang='grc' dir='ltr'>ΙΙΙ.</span> <span class='ocrx_word' id='word_1_238' title='bbox 749 3146 779 3219; x_wconf 70' lang='grc' dir='ltr'><strong>μζ</strong></span> <span class='ocrx_word' id='word_1_239' title='bbox 799 3144 872 3205; x_wconf 87' lang='grc'><strong>461.</strong></span> <span class='ocrx_word' id='word_1_240' title='bbox 922 3145 960 3202; x_wconf 84' lang='lat' dir='ltr'><strong>At</strong></span> <span class='ocrx_word' id='word_1_241' title='bbox 980 3161 1049 3201; x_wconf 80' lang='lat' dir='ltr'><strong>vero</strong></span> <span class='ocrx_word' id='word_1_242' title='bbox 1072 3152 1187 3219; x_wconf 83' lang='lat' dir='ltr'><strong>praeter</strong></span> <span class='ocrx_word' id='word_1_243' title='bbox 1209 3162 1292 3202; x_wconf 84' lang='lat' dir='ltr'><strong>nsum</strong></span> <span class='ocrx_word' id='word_1_244' title='bbox 1313 3144 1417 3205; x_wconf 85' lang='lat' dir='ltr'><strong>cantici</strong></span> 
     </span>
     <span class='ocr_line' id='line_1_30' title="bbox 345 3225 1417 3306; baseline -0.004 -14"><span class='ocrx_word' id='word_1_245' title='bbox 345 3247 531 3291; x_wconf 82' lang='lat' dir='ltr'><strong>communem</strong></span> <span class='ocrx_word' id='word_1_246' title='bbox 547 3239 631 3305; x_wconf 82' lang='lat' dir='ltr'><strong>atque</strong></span> <span class='ocrx_word' id='word_1_247' title='bbox 645 3226 856 3306; x_wconf 66' lang='lat' dir='ltr'><strong>paroecianum,</strong></span> <span class='ocrx_word' id='word_1_248' title='bbox 873 3225 1055 3286; x_wconf 84' lang='lat' dir='ltr'><strong>considerare</strong></span> <span class='ocrx_word' id='word_1_249' title='bbox 1071 3238 1175 3304; x_wconf 89' lang='lat' dir='ltr'><strong>parest</strong></span> <span class='ocrx_word' id='word_1_250' title='bbox 1189 3245 1274 3287; x_wconf 76' lang='lat' dir='ltr'><strong>ristun</strong></span> <span class='ocrx_word' id='word_1_251' title='bbox 1288 3227 1417 3288; x_wconf 85' lang='lat' dir='ltr'><strong>eiusdem</strong></span> 
     </span>
     <span class='ocr_line' id='line_1_31' title="bbox 345 3308 1418 3391; baseline -0.006 -14"><span class='ocrx_word' id='word_1_252' title='bbox 345 3315 533 3377; x_wconf 83' lang='lat' dir='ltr'><strong>sollemnem.</strong></span> <span class='ocrx_word' id='word_1_253' title='bbox 576 3311 651 3372; x_wconf 85' lang='lat' dir='ltr'><strong>Nam</strong></span> <span class='ocrx_word' id='word_1_254' title='bbox 680 3311 747 3389; x_wconf 78' lang='lat' dir='ltr'><strong>quoia</strong></span> <span class='ocrx_word' id='word_1_255' title='bbox 764 3311 880 3387; x_wconf 66' lang='lat' dir='ltr'><strong>‘plenus</strong></span> <span class='ocrx_word' id='word_1_256' title='bbox 909 3320 953 3368; x_wconf 86' lang='lat' dir='ltr'><strong>est</strong></span> <span class='ocrx_word' id='word_1_257' title='bbox 977 3308 1104 3369; x_wconf 89' lang='lat' dir='ltr'><strong>laetitiae</strong></span> <span class='ocrx_word' id='word_1_258' title='bbox 1132 3309 1198 3369; x_wconf 92' lang='lat' dir='ltr'><strong>iude</strong></span> <span class='ocrx_word' id='word_1_259' title='bbox 1217 3311 1255 3370; x_wconf 76' lang='lat' dir='ltr'><strong>nl)</strong></span> <span class='ocrx_word' id='word_1_260' title='bbox 1276 3311 1418 3391; x_wconf 85' lang='lat' dir='ltr'><strong>antiquis·</strong></span> 
     </span>
     <span class='ocr_line' id='line_1_32' title="bbox 347 3393 1419 3476; baseline -0.007 -14"><span class='ocrx_word' id='word_1_261' title='bbox 347 3396 434 3462; x_wconf 83' lang='lat' dir='ltr'><strong>simis</strong></span> <span class='ocrx_word' id='word_1_262' title='bbox 448 3397 627 3476; x_wconf 80' lang='lat' dir='ltr'><strong>temporibus</strong></span> <span class='ocrx_word' id='word_1_263' title='bbox 649 3395 817 3455; x_wconf 80' lang='lat' dir='ltr'><strong>cantabatur</strong></span> <span class='ocrx_word' id='word_1_264' title='bbox 839 3393 870 3453; x_wconf 91' lang='lat' dir='ltr'><strong>in</strong></span> <span class='ocrx_word' id='word_1_265' title='bbox 890 3393 1075 3453; x_wconf 80' lang='lat' dir='ltr'><strong>coronatione</strong></span> <span class='ocrx_word' id='word_1_266' title='bbox 1099 3393 1277 3471; x_wconf 83' lang='lat' dir='ltr'><strong>principem,</strong></span> <span class='ocrx_word' id='word_1_267' title='bbox 1297 3395 1327 3454; x_wconf 91' lang='lat' dir='ltr'><strong>in</strong></span> <span class='ocrx_word' id='word_1_268' title='bbox 1349 3414 1419 3455; x_wconf 88' lang='lat' dir='ltr'><strong>eon·</strong></span> 
     </span>
     <span class='ocr_line' id='line_1_33' title="bbox 346 3476 1419 3558; baseline -0.004 -13"><span class='ocrx_word' id='word_1_269' title='bbox 346 3479 512 3545; x_wconf 78' lang='lat' dir='ltr'><strong>seeroeoue</strong></span> <span class='ocrx_word' id='word_1_270' title='bbox 534 3479 752 3558; x_wconf 83' lang='lat' dir='ltr'><strong>episcopocum,</strong></span> <span class='ocrx_word' id='word_1_271' title='bbox 774 3477 803 3538; x_wconf 91' lang='lat' dir='ltr'><strong>in</strong></span> <span class='ocrx_word' id='word_1_272' title='bbox 819 3476 966 3538; x_wconf 84' lang='lat' dir='ltr'><strong>Natalitiis</strong></span> <span class='ocrx_word' id='word_1_273' title='bbox 989 3476 1169 3554; x_wconf 83' lang='lat' dir='ltr'><strong>pontificum,</strong></span> <span class='ocrx_word' id='word_1_274' title='bbox 1191 3477 1221 3538; x_wconf 91' lang='lat' dir='ltr'><strong>in</strong></span> <span class='ocrx_word' id='word_1_275' title='bbox 1243 3478 1419 3541; x_wconf 83' lang='lat' dir='ltr'><strong>dedicatione</strong></span> 
     </span>
     <span class='ocr_line' id='line_1_34' title="bbox 345 3561 1419 3637; baseline -0.003 -8"><span class='ocrx_word' id='word_1_276' title='bbox 345 3562 556 3637; x_wconf 77' lang='lat' dir='ltr'><strong>eeclesiarum,</strong></span> <span class='ocrx_word' id='word_1_277' title='bbox 586 3563 615 3623; x_wconf 90' lang='lat' dir='ltr'><strong>in</strong></span> <span class='ocrx_word' id='word_1_278' title='bbox 644 3562 806 3623; x_wconf 84' lang='lat' dir='ltr'><strong>elevatione</strong></span> <span class='ocrx_word' id='word_1_279' title='bbox 834 3573 861 3622; x_wconf 90' lang='lat' dir='ltr'><strong>et</strong></span> <span class='ocrx_word' id='word_1_280' title='bbox 883 3562 1071 3622; x_wconf 78' lang='lat' dir='ltr'><strong>translatione</strong></span> <span class='ocrx_word' id='word_1_281' title='bbox 1092 3561 1277 3624; x_wconf 77' lang='lat' dir='ltr'><strong>Sanctorume</strong></span> <span class='ocrx_word' id='word_1_282' title='bbox 1302 3563 1419 3626; x_wconf 85' lang='lat' dir='ltr'><strong>omnino</strong></span> 
     </span>
     <span class='ocr_line' id='line_1_35' title="bbox 345 3645 1419 3731; baseline -0.001 -21"><span class='ocrx_word' id='word_1_283' title='bbox 345 3647 473 3731; x_wconf 75' lang='lat' dir='ltr'><strong>quodvis</strong></span> <span class='ocrx_word' id='word_1_284' title='bbox 499 3646 727 3726; x_wconf 76' lang='lat' dir='ltr'><strong>amplectebatur</strong></span> <span class='ocrx_word' id='word_1_285' title='bbox 754 3646 864 3706; x_wconf 84' lang='lat' dir='ltr'><strong>ellusee</strong></span> <span class='ocrx_word' id='word_1_286' title='bbox 892 3646 1018 3705; x_wconf 88' lang='lat' dir='ltr'><strong>laetitiae</strong></span> <span class='ocrx_word' id='word_1_287' title='bbox 1038 3645 1085 3706; x_wconf 85' lang='lat' dir='ltr'><strong>vel</strong></span> <span class='ocrx_word' id='word_1_288' title='bbox 1107 3647 1267 3724; x_wconf 80' lang='lat' dir='ltr'><strong>gratiarnm</strong></span> <span class='ocrx_word' id='word_1_289' title='bbox 1296 3648 1419 3710; x_wconf 86' lang='lat' dir='ltr'><strong>actionis</strong></span> 
     </span>
     <span class='ocr_line' id='line_1_36' title="bbox 346 3729 1419 3813; baseline 0.001 -20"><span class='ocrx_word' id='word_1_290' title='bbox 346 3741 563 3813; x_wconf 71' lang='lat' dir='ltr'><strong>argumentum</strong></span> <span class='ocrx_word' id='word_1_291' title='bbox 607 3730 646 3791; x_wconf 89' lang='lat' dir='ltr'><strong>Ut</strong></span> <span class='ocrx_word' id='word_1_292' title='bbox 671 3729 874 3808; x_wconf 84' lang='lat' dir='ltr'><strong>antiquissima</strong></span> <span class='ocrx_word' id='word_1_293' title='bbox 895 3740 1005 3790; x_wconf 87' lang='lat' dir='ltr'><strong>tantum</strong></span> <span class='ocrx_word' id='word_1_294' title='bbox 1029 3730 1166 3809; x_wconf 87' lang='lat' dir='ltr'><strong>exempla</strong></span> <span class='ocrx_word' id='word_1_295' title='bbox 1186 3744 1419 3812; x_wconf 83' lang='lat' dir='ltr'><strong>commemorem,</strong></span> 
     </span>
     <span class='ocr_line' id='line_1_37' title="bbox 349 3813 1421 3899; baseline 0 -21"><span class='ocrx_word' id='word_1_296' title='bbox 349 3818 449 3899; x_wconf 82' lang='lat' dir='ltr'><strong>palam</strong></span> <span class='ocrx_word' id='word_1_297' title='bbox 473 3824 575 3876; x_wconf 88' lang='lat' dir='ltr'><strong>estex</strong></span> <span class='ocrx_word' id='word_1_298' title='bbox 597 3813 763 3875; x_wconf 86' lang='lat' dir='ltr'><strong>narratione</strong></span> <span class='ocrx_word' id='word_1_299' title='bbox 785 3813 1048 3878; x_wconf 79' lang='lat' dir='ltr'><strong>&#39;Pranslationis,S.</strong></span> <span class='ocrx_word' id='word_1_300' title='bbox 1065 3813 1219 3892; x_wconf 87' lang='lat' dir='ltr'><strong>Germani,</strong></span> <span class='ocrx_word' id='word_1_301' title='bbox 1236 3836 1321 3895; x_wconf 84' lang='lat' dir='ltr'><strong>qnam</strong></span> <span class='ocrx_word' id='word_1_302' title='bbox 1352 3838 1421 3897; x_wconf 92' lang='lat' dir='ltr'><strong>pro-</strong></span> 
     </span>
     <span class='ocr_line' id='line_1_38' title="bbox 349 3898 1420 3978; baseline -0.001 -17"><span class='ocrx_word' id='word_1_303' title='bbox 349 3905 407 3971; x_wconf 83' lang='lat' dir='ltr'><strong>lcrt</strong></span> <span class='ocrx_word' id='word_1_304' title='bbox 439 3898 545 3967; x_wconf 81' lang='lat' dir='ltr'><strong>Sarius</strong></span> <span class='ocrx_word' id='word_1_305' title='bbox 572 3900 608 3957; x_wconf 86' lang='lat' dir='ltr'><strong>ed</strong></span> <span class='ocrx_word' id='word_1_306' title='bbox 638 3900 688 3960; x_wconf 81' lang='lat'><strong>25.</strong></span> <span class='ocrx_word' id='word_1_307' title='bbox 719 3898 783 3958; x_wconf 91' lang='lat' dir='ltr'><strong>lulii</strong></span> <span class='ocrx_word' id='word_1_308' title='bbox 815 3899 854 3978; x_wconf 88' lang='lat' dir='ltr'><strong>(si</strong></span> <span class='ocrx_word' id='word_1_309' title='bbox 884 3899 938 3973; x_wconf 82' lang='lat' dir='ltr'><strong>lide</strong></span> <span class='ocrx_word' id='word_1_310' title='bbox 966 3899 1056 3974; x_wconf 79' lang='lat' dir='ltr'><strong>digne</strong></span> <span class='ocrx_word' id='word_1_311' title='bbox 1085 3908 1140 3969; x_wconf 82' lang='lat' dir='ltr'><strong>est)</strong></span> <span class='ocrx_word' id='word_1_312' title='bbox 1171 3899 1202 3959; x_wconf 89' lang='lat' dir='ltr'><strong>in</strong></span> <span class='ocrx_word' id='word_1_313' title='bbox 1232 3901 1420 3962; x_wconf 86' lang='lat' dir='ltr'><strong>translatione</strong></span> 
     </span>
     <span class='ocr_line' id='line_1_39' title="bbox 347 3981 1420 4064; baseline -0.002 -18"><span class='ocrx_word' id='word_1_314' title='bbox 347 3984 483 4064; x_wconf 87' lang='lat' dir='ltr'><strong>corporis</strong></span> <span class='ocrx_word' id='word_1_315' title='bbox 507 3982 594 4044; x_wconf 79' lang='lat' dir='ltr'><strong>lutus</strong></span> <span class='ocrx_word' id='word_1_316' title='bbox 622 3981 766 4060; x_wconf 86' lang='lat' dir='ltr'><strong>pontilicis</strong></span> <span class='ocrx_word' id='word_1_317' title='bbox 794 4000 867 4060; x_wconf 81' lang='lat' dir='ltr'><strong>quoe</strong></span> <span class='ocrx_word' id='word_1_318' title='bbox 894 3984 948 4043; x_wconf 78' lang='lat' dir='ltr'><strong>eccl</strong></span> <span class='ocrx_word' id='word_1_319' title='bbox 978 3981 1073 4061; x_wconf 90' lang='lat' dir='ltr'><strong>Pipini</strong></span> <span class='ocrx_word' id='word_1_320' title='bbox 1106 3984 1210 4044; x_wconf 89' lang='lat' dir='ltr'><strong>ducetu</strong></span> <span class='ocrx_word' id='word_1_321' title='bbox 1237 3983 1357 4062; x_wconf 81' lang='lat' dir='ltr'><strong>contigit</strong></span> <span class='ocrx_word' id='word_1_322' title='bbox 1380 3985 1420 4061; x_wconf 89' lang='lat' dir='ltr'><strong>(e.</strong></span> 
     </span>
     <span class='ocr_line' id='line_1_40' title="bbox 348 4066 1419 4148; baseline -0.001 -20"><span class='ocrx_word' id='word_1_323' title='bbox 348 4069 439 4148; x_wconf 80' lang='lat'><strong>740.)</strong></span> <span class='ocrx_word' id='word_1_324' title='bbox 468 4068 546 4128; x_wconf 78' lang='lat' dir='ltr'><strong>lanne</strong></span> <span class='ocrx_word' id='word_1_325' title='bbox 572 4067 710 4145; x_wconf 80' lang='lat' dir='ltr'><strong>hymnum</strong></span> <span class='ocrx_word' id='word_1_326' title='bbox 740 4066 920 4127; x_wconf 84' lang='lat' dir='ltr'><strong>sollemniter</strong></span> <span class='ocrx_word' id='word_1_327' title='bbox 948 4086 1013 4126; x_wconf 88' lang='lat' dir='ltr'><strong>esse</strong></span> <span class='ocrx_word' id='word_1_328' title='bbox 1041 4067 1233 4128; x_wconf 85' lang='lat' dir='ltr'><strong>decantatum.</strong></span> <span class='ocrx_word' id='word_1_329' title='bbox 1280 4067 1331 4126; x_wconf 85' lang='lat' dir='ltr'><strong>Sie</strong></span> <span class='ocrx_word' id='word_1_330' title='bbox 1352 4086 1419 4127; x_wconf 90' lang='lat' dir='ltr'><strong>enm</strong></span> 
     </span>
     <span class='ocr_line' id='line_1_41' title="bbox 348 4147 1417 4231; baseline -0.005 -16"><span class='ocrx_word' id='word_1_331' title='bbox 348 4147 479 4215; x_wconf 76' lang='lat' dir='ltr'><strong>cerotm</strong></span> <span class='ocrx_word' id='word_1_332' title='bbox 493 4151 536 4216; x_wconf 78' lang='grc' dir='ltr'><strong>Μ.</strong></span> <span class='ocrx_word' id='word_1_333' title='bbox 564 4150 693 4210; x_wconf 91' lang='lat' dir='ltr'><strong>Leonem</strong></span> <span class='ocrx_word' id='word_1_334' title='bbox 715 4168 821 4229; x_wconf 87' lang='lat' dir='ltr'><strong>papam</strong></span> <span class='ocrx_word' id='word_1_335' title='bbox 841 4151 995 4210; x_wconf 88' lang='lat' dir='ltr'><strong>calumniis</strong></span> <span class='ocrx_word' id='word_1_336' title='bbox 1017 4151 1170 4210; x_wconf 80' lang='lat' dir='ltr'><strong>liberatum</strong></span> <span class='ocrx_word' id='word_1_337' title='bbox 1195 4150 1224 4208; x_wconf 89' lang='lat' dir='ltr'><strong>in</strong></span> <span class='ocrx_word' id='word_1_338' title='bbox 1245 4151 1343 4210; x_wconf 85' lang='lat' dir='ltr'><strong>sedem</strong></span> <span class='ocrx_word' id='word_1_339' title='bbox 1358 4151 1417 4231; x_wconf 85' lang='lat' dir='ltr'><strong>pri·</strong></span> 
     </span>
     <span class='ocr_line' id='line_1_42' title="bbox 349 4232 1418 4313; baseline -0.002 -18"><span class='ocrx_word' id='word_1_340' title='bbox 349 4238 459 4301; x_wconf 69' lang='lat' dir='ltr'><strong>minam</strong></span> <span class='ocrx_word' id='word_1_341' title='bbox 488 4232 661 4296; x_wconf 87' lang='lat' dir='ltr'><strong>restituisset</strong></span> <span class='ocrx_word' id='word_1_342' title='bbox 686 4235 779 4313; x_wconf 89' lang='lat' dir='ltr'><strong>„ipso</strong></span> <span class='ocrx_word' id='word_1_343' title='bbox 812 4243 994 4295; x_wconf 77' lang='lat' dir='ltr'><strong>sacramento</strong></span> <span class='ocrx_word' id='word_1_344' title='bbox 1029 4235 1146 4312; x_wconf 87' lang='lat' dir='ltr'><strong>expleta</strong></span> <span class='ocrx_word' id='word_1_345' title='bbox 1170 4232 1346 4311; x_wconf 83' lang='lat' dir='ltr'><strong>incipiebant</strong></span> <span class='ocrx_word' id='word_1_346' title='bbox 1373 4233 1418 4296; x_wconf 92' lang='lat' dir='ltr'><strong>illi</strong></span> 
     </span>
     <span class='ocr_line' id='line_1_43' title="bbox 350 4315 1418 4398; baseline -0.001 -18"><span class='ocrx_word' id='word_1_347' title='bbox 350 4320 445 4385; x_wconf 84' lang='lat' dir='ltr'><strong>saneti</strong></span> <span class='ocrx_word' id='word_1_348' title='bbox 472 4318 599 4398; x_wconf 85' lang='lat' dir='ltr'><strong>episcopi</strong></span> <span class='ocrx_word' id='word_1_349' title='bbox 629 4337 695 4378; x_wconf 88' lang='lat' dir='ltr'><strong>eum</strong></span> <span class='ocrx_word' id='word_1_350' title='bbox 724 4317 858 4378; x_wconf 84' lang='lat' dir='ltr'><strong>universo</strong></span> <span class='ocrx_word' id='word_1_351' title='bbox 884 4317 962 4377; x_wconf 91' lang='lat' dir='ltr'><strong>clero</strong></span> <span class='ocrx_word' id='word_1_352' title='bbox 989 4337 1041 4378; x_wconf 90' lang='lat' dir='ltr'><strong>sen</strong></span> <span class='ocrx_word' id='word_1_353' title='bbox 1070 4318 1134 4394; x_wconf 77' lang='lat' dir='ltr'><strong>ipso</strong></span> <span class='ocrx_word' id='word_1_354' title='bbox 1163 4315 1291 4395; x_wconf 85' lang='lat' dir='ltr'><strong>principe</strong></span> <span class='ocrx_word' id='word_1_355' title='bbox 1312 4317 1418 4379; x_wconf 82' lang='lat' dir='ltr'><strong>Cerolo</strong></span> 
     </span>
     <span class='ocr_line' id='line_1_44' title="bbox 351 4399 1421 4481; baseline -0.003 -14"><span class='ocrx_word' id='word_1_356' title='bbox 351 4426 418 4467; x_wconf 88' lang='lat' dir='ltr'><strong>enm</strong></span> <span class='ocrx_word' id='word_1_357' title='bbox 440 4405 544 4464; x_wconf 79' lang='lat' dir='ltr'><strong>devoto</strong></span> <span class='ocrx_word' id='word_1_358' title='bbox 565 4400 730 4462; x_wconf 86' lang='lat' dir='ltr'><strong>Christiano</strong></span> <span class='ocrx_word' id='word_1_359' title='bbox 753 4401 859 4479; x_wconf 88' lang='lat' dir='ltr'><strong>populo</strong></span> <span class='ocrx_word' id='word_1_360' title='bbox 881 4402 1038 4481; x_wconf 79' lang='lat' dir='ltr'><strong>hymnnmc</strong></span> <span class='ocrx_word' id='word_1_361' title='bbox 1059 4399 1256 4479; x_wconf 23' lang='lat' dir='ltr'><strong>&#39;Peplieumss‘</strong></span> <span class='ocrx_word' id='word_1_362' title='bbox 1278 4408 1309 4461; x_wconf 90' lang='lat' dir='ltr'><strong>nt</strong></span> <span class='ocrx_word' id='word_1_363' title='bbox 1330 4403 1421 4464; x_wconf 79' lang='lat' dir='ltr'><strong>relect</strong></span> 
     </span>
     <span class='ocr_line' id='line_1_45' title="bbox 353 4483 1457 4562; baseline -0.001 -12"><span class='ocrx_word' id='word_1_364' title='bbox 353 4498 484 4550; x_wconf 80' lang='lat' dir='ltr'><strong>retostus</strong></span> <span class='ocrx_word' id='word_1_365' title='bbox 504 4486 662 4548; x_wconf 81' lang='lat' dir='ltr'><strong>Annalium</strong></span> <span class='ocrx_word' id='word_1_366' title='bbox 684 4483 865 4544; x_wconf 85' lang='lat' dir='ltr'><strong>Francorum</strong></span> <span class='ocrx_word' id='word_1_367' title='bbox 886 4495 987 4545; x_wconf 88' lang='lat' dir='ltr'><strong>anetor</strong></span> <span class='ocrx_word' id='word_1_368' title='bbox 1008 4485 1084 4562; x_wconf 88' lang='lat' dir='ltr'><strong>apud</strong></span> <span class='ocrx_word' id='word_1_369' title='bbox 1106 4484 1292 4546; x_wconf 83' lang='lat' dir='ltr'><strong>Lambecium</strong></span> <span class='ocrx_word' id='word_1_370' title='bbox 1309 4485 1425 4552; x_wconf 87' lang='lat' dir='ltr'><strong>Cemm.</strong></span> <span class='ocrx_word' id='word_1_371' title='bbox 1455 4554 1457 4559; x_wconf 63' lang='grc'>,</span> 
     </span>
     <span class='ocr_line' id='line_1_46' title="bbox 355 4565 1427 4713; baseline 0.003 -80"><span class='ocrx_word' id='word_1_372' title='bbox 355 4573 405 4639; x_wconf 84' lang='lat' dir='ltr'><strong>tin.</strong></span> <span class='ocrx_word' id='word_1_373' title='bbox 434 4572 485 4636; x_wconf 88' lang='grc' dir='ltr'>ΙΙΙ.</span> <span class='ocrx_word' id='word_1_374' title='bbox 515 4591 543 4651; x_wconf 81' lang='lat' dir='ltr'><strong>p.</strong></span> <span class='ocrx_word' id='word_1_375' title='bbox 575 4571 649 4635; x_wconf 75' lang='lat'><strong>581.</strong></span> <span class='ocrx_word' id='word_1_376' title='bbox 679 4567 716 4631; x_wconf 84' lang='lat' dir='ltr'><strong>el.</strong></span> <span class='ocrx_word' id='word_1_377' title='bbox 743 4565 876 4647; x_wconf 75' lang='lat' dir='ltr'><strong>carpzov</strong></span> <span class='ocrx_word' id='word_1_378' title='bbox 902 4569 1005 4635; x_wconf 81' lang='lat' dir='ltr'><strong>Lebe-</strong></span> <span class='ocrx_word' id='word_1_379' title='bbox 1035 4569 1090 4629; x_wconf 89' lang='lat' dir='ltr'><strong>und</strong></span> <span class='ocrx_word' id='word_1_380' title='bbox 1112 4567 1367 4713; x_wconf 58' lang='lat' dir='ltr'><strong>Liedoeppredigten</strong></span> <span class='ocrx_word' id='word_1_381' title='bbox 1388 4571 1427 4638; x_wconf 91' lang='lat' dir='ltr'><strong>ll.</strong></span> 
     </span>
    </p>
   </div>
   <div class='ocr_carea' id='block_1_3' title="bbox 0 0 1894 5400">
    <p class='ocr_par' dir='ltr' id='par_1_4' title="bbox 0 0 1894 5400">
     <span class='ocr_line' id='line_1_47' title="bbox 0 0 1894 5400; baseline 0 0"><span class='ocrx_word' id='word_1_382' title='bbox 0 0 1894 5400; x_wconf 95' lang='lat' dir='ltr'><strong> </strong></span> 
     </span>
    </p>
   </div>
  </div>
 </body>
</html>
