3750 5400
578 913 617 974 la
636 912 723 975 bomo
745 909 907 989 uaeeendo,
927 906 1037 972 vitulas
1056 915 1180 969 mortem
1200 904 1334 985 patiendo

577 997 632 1058 Est
652 997 697 1058 leo
718 996 883 1075 surgendo,
904 992 1032 1055 volucris
1054 1011 1166 1073 quoquo
1181 1009 1302 1088 ¹suntuna
1322 988 1457 1068 petendo.

472 1114 502 1182 7.
523 1115 578 1177 Ad.
593 1114 682 1176 Torr.
703 1113 770 1173 lnx
792 1120 848 1173 est
867 1111 1194 1196 decretalisfforr.
1215 1105 1458 1185 discretalis)
1479 1128 1546 1169 ro·

449 1194 663 1262 'tarensue
684 1195 870 1258 literulis.
920 1199 951 1262 8.
978 1189 1155 1259 arsmonr
1184 1201 1242 1254 est
1270 1190 1545 1278 -lministret

473 1284 503 1346 9.
519 1281 565 1348 (a.
586 1283 725 1345 Horum
746 1282 851 1343 fonte
872 1313 914 1362 ·.·
936 1301 1091 1361 qnorum
1114 1277 1244 1340 trabat
1265 1310 1307 1322 —
1334 1277 1543 1340 asentina.

474 1366 548 1433 Lod.
570 1366 601 1428 in
621 1385 715 1444 marg.
739 1365 795 1426 sio
817 1364 1009 1444 perdurat.
1029 1364 1181 1446 Adelphos
1199 1361 1379 1442 quorundam
1401 1359 1544 1424 librorum

473 1450 647 1533 scriptoram
668 1449 770 1511 allertz
790 1448 995 1514 dobibatis.

971 1760 1043 1827 CX.

762 1925 764 1934 ·
849 1904 905 1967 De
925 1903 962 1968 S.
983 1902 1161 1970 Michaele.

477 2019 505 2082 l.
518 2019 598 2082 Laus
620 2029 753 2100 erumpat
773 2021 952 2099 rauberto,
1030 2026 1062 2087 b.
1076 2023 1240 2101 suggestor
1261 2016 1398 2097 sceleris,

518 2104 630 2166 Psallat
646 2105 757 2168 'chorus
780 2105 810 2167 iu
832 2116 988 2188 eouspeoto
1070 2107 1179 2168 Pulsus
1199 2124 1218 2166 a
1239 2103 1372 2183 stuporis,

394 2247 396 2256 ,
516 2186 716 2269 Sapernorum
737 2190 862 2252 uirium:
1072 2191 1129 2253 Per
1149 2187 1235 2252 haiae
1255 2183 1334 2250 airis‘

516 2274 596 2335 Laos
618 2272 759 2350 ineunda,
786 2275 852 2336 laus
873 2274 987 2353 deeora,
1073 2274 1196 2336 Oberrat
1218 2274 1322 2351 spatia.

519 2357 642 2432 Quando
662 2357 740 2419 laudi
762 2376 925 2420 concanora
1072 2357 1158 2420 Dolis
1179 2356 1329 2436 invigilat,

517 2441 634 2504 Paritas
655 2453 699 2504 est
720 2443 860 2505 eordinru.
1076 2442 1163 2505 Virus
1185 2442 1329 2502 insibilat:
1445 2435 1453 2449 ‘

1020 2551 1024 2558 ·
1072 2525 1130 2587 Sed
1150 2528 1228 2589 hnuo
1248 2523 1389 2587 adnihilat

1073 2611 1218 2673 Praesens
1237 2609 1376 2674 custodia.

384 2754 386 2761 '
476 2744 506 2813 2.
519 2744 697 2807 Miobaelern
718 2746 812 2807 cunuti
835 2745 968 2822 laudent,
1030 2742 1062 2809 6.
1077 2745 1155 2808 Tres
1173 2744 1322 2806 distinctae
1342 2742 1526 2806 hierarchiae

418 2906 422 2913 Ι
518 2830 581 2890 Neo
597 2830 635 2890 ab
656 2827 743 2890 huius
765 2848 797 2890 so
820 2830 990 2890 defraudent
1076 2828 1142 2909 lugi
1163 2838 1267 2892 vacant
1288 2827 1417 2889 theoriae

516 2911 584 2974 Diei
605 2912 726 2975 laetitia.
1073 2913 1193 2993 legique
1216 2912 1363 2992 psalterio.
1538 2912 1540 2916 ’

518 2995 607 3058 Felix
628 2996 705 3073 dies,
728 3015 785 3076 qua
804 3005 970 3060 sanatorum
1074 2997 1135 3058 Neo
1156 2997 1268 3058 obsistit
1289 2994 1403 3058 theoria
1496 2999 1499 3003 ’

518 3081 698 3142 Recensetur
718 3080 889 3161 angelornm
1074 3073 1143 3143 Sira
1165 3079 1245 3160 iugis
1265 3079 1419 3151 harmonia

518 3164 676 3228 Sollemuis
696 3165 827 3229 victoria.
1075 3166 1140 3246 lugi
1163 3165 1333 3231 ministerio.

477 3300 507 3369 3.
522 3300 618 3361 Draco
638 3307 721 3362 retus
743 3302 927 3380 exturbatur,
1031 3301 1102 3366 7.0
1122 3318 1208 3381 quarn
1229 3298 1322 3360 mirae
1344 3298 1475 3363 raritatis

519 3384 557 3446 Et
579 3385 712 3447 draconis
731 3384 876 3464 effugatur
1072 3387 1127 3447 Est
1149 3402 1292 3465 supernae
1313 3381 1439 3446 civitatis

519 3466 640 3528 lnirnioa
661 3469 751 3547 legio.
1072 3471 1136 3531 Ter
1157 3470 1234 3530 trina
1254 3466 1414 3529 distinctior

519 3549 700 3611 Exturbatus
722 3561 766 3612 est
787 3552 917 3611 turbator
1072 3553 1155 3628 Quae
1176 3573 1231 3614 nos
1251 3561 1330 3615 amat
1351 3561 1380 3612 et
1399 3558 1517 3634 tortor,

517 3631 557 3693 Et
578 3631 722 3711 proiectus
742 3644 894 3696 aecusator
1072 3635 1112 3696 Ut
1131 3656 1168 3697 ex
1191 3636 1275 3698 uobis
1296 3646 1477 3711 restauretur
1574 3662 1578 3670 ·

518 3722 546 3776 Δ
564 3716 639 3777 ooeli
660 3716 788 3797 fastigio.
1072 3720 1146 3781 Eius
1168 3721 1330 3785 diminutio.

477 3849 508 3917 4.
523 3848 585 3909 Sub
607 3849 696 3910 tutela
715 3850 873 3911 Mirluaelis
1031 3854 1061 3920 8.
1074 3851 1157 3914 Siout
1175 3848 1243 3916 sant
1264 3856 1415 3918 bominum

518 3933 585 3996 Pax
605 3933 742 4007 interra,
763 3952 822 4013 pax
838 3935 868 3995 in
889 3934 989 4014 coelis,
1073 3939 1213 4000 Diversae
1235 3940 1367 4018 gratiae,

518 4018 600 4080 Laus
619 4028 647 4079 et
666 4016 808 4079 iubilatio.
1071 4022 1123 4083 Sia
1143 4033 1226 4084 erant
1247 4022 1378 4085 ordinum

519 4103 618 4179 Quum
639 4101 677 4180 sit
690 4109 791 4182 potens
812 4102 860 4162 bio
875 4101 988 4178 uirtute,
1073 4106 1230 4168 Distinetae
1250 4108 1364 4188 gloriae

519 4187 577 4249 Pro
599 4185 743 4248 communi
764 4195 844 4246 stans
866 4185 960 4247 salute
1072 4188 1160 4251 lastis
1180 4191 1209 4251 in
1230 4193 1371 4271 praemio.

519 4271 696 4355 Triumpbat
717 4269 749 4333 iu
769 4269 890 4353 proelio.
1072 4272 1152 4334 Solis
1174 4284 1217 4335 est
1237 4275 1298 4335 alia

1072 4357 1168 4432 Quam
1190 4358 1276 4419 lonae
1296 4357 1441 4442 dignitate,

1071 4440 1230 4502 Stellarum
1252 4441 1334 4504 uaria

1071 4526 1194 4587 Relueet
1212 4524 1346 4590 claritas:

1071 4608 1124 4671 Sia
1144 4610 1330 4674 resurreetio.
1445 4632 1450 4641 ·
