<?xml version="1.0" encoding="UTF-8"?>
<!DOCTYPE html PUBLIC "-//W3C//DTD XHTML 1.0 Transitional//EN"
    "http://www.w3.org/TR/xhtml1/DTD/xhtml1-transitional.dtd">
<html xmlns="http://www.w3.org/1999/xhtml" xml:lang="en" lang="en">
 <head>
  <title>
</title>
<meta http-equiv="Content-Type" content="text/html;charset=utf-8" />
  <meta name='ocr-system' content='tesseract 3.04.00' />
  <meta name='ocr-capabilities' content='ocr_page ocr_carea ocr_par ocr_line ocrx_word'/>
</head>
<body>
  <div class='ocr_page' id='page_1' title='image "./thesaurushymnol02danigoog/thesaurushymnol02danigoog_0208.png"; bbox 0 0 3750 5400; ppageno 0'>
   <div class='ocr_carea' id='block_1_1' title="bbox 862 671 989 782">
    <p class='ocr_par' dir='ltr' id='par_1_1' title="bbox 862 671 989 782">
     <span class='ocr_line' id='line_1_1' title="bbox 862 671 989 782; baseline 0.079 -39"><span class='ocrx_word' id='word_1_1' title='bbox 862 775 864 782; x_wconf 66' lang='lat'>,</span> <span class='ocrx_word' id='word_1_2' title='bbox 897 671 989 754; x_wconf 77' lang='lat' dir='ltr'><strong>rsa</strong></span> 
     </span>
    </p>
   </div>
   <div class='ocr_carea' id='block_1_2' title="bbox 427 828 1502 934">
    <p class='ocr_par' dir='ltr' id='par_1_2' title="bbox 427 828 1502 934">
     <span class='ocr_line' id='line_1_2' title="bbox 427 828 1502 934; baseline 0.008 -24"><span class='ocrx_word' id='word_1_3' title='bbox 427 851 483 914; x_wconf 77' lang='lat' dir='ltr'><strong>e.</strong></span> <span class='ocrx_word' id='word_1_4' title='bbox 528 828 567 912; x_wconf 84' lang='lat' dir='ltr'><strong>lit</strong></span> <span class='ocrx_word' id='word_1_5' title='bbox 600 846 737 916; x_wconf 75' lang='lat' dir='ltr'><strong>Caesaris</strong></span> <span class='ocrx_word' id='word_1_6' title='bbox 767 848 932 929; x_wconf 72' lang='lat' dir='ltr'><strong>unigenita,</strong></span> <span class='ocrx_word' id='word_1_7' title='bbox 960 851 1041 931; x_wconf 80' lang='lat' dir='ltr'><strong>aegis</strong></span> <span class='ocrx_word' id='word_1_8' title='bbox 1064 850 1243 913; x_wconf 79' lang='lat' dir='ltr'><strong>Constantini</strong></span> <span class='ocrx_word' id='word_1_9' title='bbox 1272 854 1351 934; x_wconf 83' lang='lat' dir='ltr'><strong>lilia,</strong></span> <span class='ocrx_word' id='word_1_10' title='bbox 1388 876 1502 920; x_wconf 83' lang='lat' dir='ltr'><strong>unum</strong></span> 
     </span>
    </p>
   </div>
   <div class='ocr_carea' id='block_1_3' title="bbox 302 931 1496 1021">
    <p class='ocr_par' dir='ltr' id='par_1_3' title="bbox 302 931 1496 1021">
     <span class='ocr_line' id='line_1_3' title="bbox 302 931 1496 1021; baseline 0.006 -26"><span class='ocrx_word' id='word_1_11' title='bbox 302 979 309 985; x_wconf 87' lang='lat'><em>-</em></span> <span class='ocrx_word' id='word_1_12' title='bbox 412 956 465 1016; x_wconf 91' lang='lat' dir='ltr'><strong>per</strong></span> <span class='ocrx_word' id='word_1_13' title='bbox 484 937 619 999; x_wconf 87' lang='lat' dir='ltr'><strong>haustum</strong></span> <span class='ocrx_word' id='word_1_14' title='bbox 648 931 782 1013; x_wconf 85' lang='lat' dir='ltr'><strong>lymphae</strong></span> <span class='ocrx_word' id='word_1_15' title='bbox 807 933 932 996; x_wconf 68' lang='lat' dir='ltr'><strong>ohses&#39;sa*</strong></span> <span class='ocrx_word' id='word_1_16' title='bbox 965 955 983 995; x_wconf 88' lang='lat' dir='ltr'><strong>a</strong></span> <span class='ocrx_word' id='word_1_17' title='bbox 1010 956 1113 998; x_wconf 82' lang='lat' dir='ltr'><strong>norem</strong></span> <span class='ocrx_word' id='word_1_18' title='bbox 1144 940 1294 1015; x_wconf 84' lang='lat' dir='ltr'><strong>spiritibus</strong></span> <span class='ocrx_word' id='word_1_19' title='bbox 1318 960 1370 1021; x_wconf 89' lang='lat' dir='ltr'><strong>per</strong></span> <span class='ocrx_word' id='word_1_20' title='bbox 1393 951 1420 1003; x_wconf 88' lang='lat' dir='ltr'><strong>te</strong></span> <span class='ocrx_word' id='word_1_21' title='bbox 1442 944 1496 1003; x_wconf 78' lang='lat' dir='ltr'><strong>ti-</strong></span> 
     </span>
    </p>
   </div>
   <div class='ocr_carea' id='block_1_4' title="bbox 412 1017 1484 1099">
    <p class='ocr_par' dir='ltr' id='par_1_4' title="bbox 412 1017 1484 1099">
     <span class='ocr_line' id='line_1_4' title="bbox 412 1017 1484 1099; baseline 0.005 -18"><span class='ocrx_word' id='word_1_22' title='bbox 412 1022 562 1082; x_wconf 78' lang='lat' dir='ltr'><strong>beraretur</strong></span> <span class='ocrx_word' id='word_1_23' title='bbox 590 1017 805 1099; x_wconf 79' lang='lat' dir='ltr'><strong>¹personaliter,</strong></span> <span class='ocrx_word' id='word_1_24' title='bbox 834 1028 862 1079; x_wconf 87' lang='lat' dir='ltr'><strong>et</strong></span> <span class='ocrx_word' id='word_1_25' title='bbox 897 1020 1025 1084; x_wconf 81' lang='lat' dir='ltr'><strong>elaueres</strong></span> <span class='ocrx_word' id='word_1_26' title='bbox 1061 1022 1092 1081; x_wconf 92' lang='lat' dir='ltr'><strong>in</strong></span> <span class='ocrx_word' id='word_1_27' title='bbox 1120 1024 1225 1084; x_wconf 88' lang='lat' dir='ltr'><strong>mundo</strong></span> <span class='ocrx_word' id='word_1_28' title='bbox 1248 1024 1385 1088; x_wconf 82' lang='lat' dir='ltr'><strong>fomontis</strong></span> <span class='ocrx_word' id='word_1_29' title='bbox 1414 1028 1484 1089; x_wconf 88' lang='lat' dir='ltr'><strong>uni-</strong></span> 
     </span>
    </p>
   </div>
   <div class='ocr_carea' id='block_1_5' title="bbox 291 1105 573 1168">
    <p class='ocr_par' dir='ltr' id='par_1_5' title="bbox 291 1105 573 1168">
     <span class='ocr_line' id='line_1_5' title="bbox 291 1105 573 1168; baseline 0.007 -3"><span class='ocrx_word' id='word_1_30' title='bbox 291 1125 300 1141; x_wconf 53' lang='lat'><em>*</em></span> <span class='ocrx_word' id='word_1_31' title='bbox 401 1105 573 1168; x_wconf 84' lang='lat' dir='ltr'><strong>¹versaliter.</strong></span> 
     </span>
    </p>
   </div>
   <div class='ocr_carea' id='block_1_6' title="bbox 362 1171 1470 1456">
    <p class='ocr_par' dir='ltr' id='par_1_6' title="bbox 362 1171 1470 1456">
     <span class='ocr_line' id='line_1_6' title="bbox 367 1171 1470 1292; baseline 0.006 -23"><span class='ocrx_word' id='word_1_32' title='bbox 367 1215 368 1222; x_wconf 76' lang='grc'>’</span> <span class='ocrx_word' id='word_1_33' title='bbox 410 1220 413 1225; x_wconf 84' lang='grc'><em>“</em></span> <span class='ocrx_word' id='word_1_34' title='bbox 455 1207 506 1271; x_wconf 90' lang='grc'><strong>10.</strong></span> <span class='ocrx_word' id='word_1_35' title='bbox 547 1206 676 1268; x_wconf 88' lang='lat' dir='ltr'><strong>Dneeute</strong></span> <span class='ocrx_word' id='word_1_36' title='bbox 700 1205 786 1272; x_wconf 85' lang='lat' dir='ltr'><strong>stella</strong></span> <span class='ocrx_word' id='word_1_37' title='bbox 812 1206 902 1268; x_wconf 89' lang='lat' dir='ltr'><strong>maris</strong></span> <span class='ocrx_word' id='word_1_38' title='bbox 929 1171 1057 1285; x_wconf 82' lang='lat' dir='ltr'><strong>procella</strong></span> <span class='ocrx_word' id='word_1_39' title='bbox 1091 1210 1225 1271; x_wconf 84' lang='lat' dir='ltr'><strong>adfines</strong></span> <span class='ocrx_word' id='word_1_40' title='bbox 1256 1212 1383 1292; x_wconf 80' lang='lat' dir='ltr'><strong>Aegypti</strong></span> <span class='ocrx_word' id='word_1_41' title='bbox 1410 1233 1470 1276; x_wconf 84' lang='lat' dir='ltr'><strong>san·</strong></span> 
     </span>
     <span class='ocr_line' id='line_1_7' title="bbox 362 1288 1467 1380; baseline 0.006 -27"><span class='ocrx_word' id='word_1_42' title='bbox 362 1374 364 1378; x_wconf 86' lang='lat'>.</span> <span class='ocrx_word' id='word_1_43' title='bbox 411 1299 481 1354; x_wconf 89' lang='lat' dir='ltr'><strong>etus&#39;</strong></span> <span class='ocrx_word' id='word_1_44' title='bbox 502 1291 684 1371; x_wconf 73' lang='lat' dir='ltr'><strong>Theophilus</strong></span> <span class='ocrx_word' id='word_1_45' title='bbox 713 1288 865 1369; x_wconf 86' lang='lat' dir='ltr'><strong>episeopus</strong></span> <span class='ocrx_word' id='word_1_46' title='bbox 893 1300 927 1376; x_wconf 64' lang='lat' dir='ltr'><strong>tex</strong></span> <span class='ocrx_word' id='word_1_47' title='bbox 947 1302 1078 1353; x_wconf 85' lang='lat' dir='ltr'><strong>nostrum</strong></span> <span class='ocrx_word' id='word_1_48' title='bbox 1106 1303 1265 1371; x_wconf 88' lang='lat' dir='ltr'><strong>patronum</strong></span> <span class='ocrx_word' id='word_1_49' title='bbox 1293 1296 1394 1359; x_wconf 81' lang='lat' dir='ltr'><strong>divina</strong></span> <span class='ocrx_word' id='word_1_50' title='bbox 1423 1303 1467 1380; x_wconf 82' lang='lat' dir='ltr'><strong>o&#39;po</strong></span> 
     </span>
     <span class='ocr_line' id='line_1_8' title="bbox 410 1375 956 1456; baseline -0.004 -17"><span class='ocrx_word' id='word_1_51' title='bbox 410 1388 475 1439; x_wconf 86' lang='lat' dir='ltr'><strong>ente</strong></span> <span class='ocrx_word' id='word_1_52' title='bbox 496 1375 595 1438; x_wconf 87' lang='lat' dir='ltr'><strong>sedulo</strong></span> <span class='ocrx_word' id='word_1_53' title='bbox 618 1393 707 1456; x_wconf 85' lang='lat' dir='ltr'><strong>prope</strong></span> <span class='ocrx_word' id='word_1_54' title='bbox 729 1393 760 1435; x_wconf 85' lang='lat' dir='ltr'><strong>so</strong></span> <span class='ocrx_word' id='word_1_55' title='bbox 782 1378 956 1437; x_wconf 84' lang='lat' dir='ltr'><strong>tradnaohat.</strong></span> 
     </span>
    </p>
   </div>
   <div class='ocr_carea' id='block_1_7' title="bbox 410 1456 1467 1645">
    <p class='ocr_par' dir='ltr' id='par_1_7' title="bbox 410 1456 1467 1645">
     <span class='ocr_line' id='line_1_9' title="bbox 451 1456 1466 1555; baseline 0.003 -14"><span class='ocrx_word' id='word_1_56' title='bbox 451 1480 503 1542; x_wconf 89' lang='lat'><strong>11.</strong></span> <span class='ocrx_word' id='word_1_57' title='bbox 545 1476 602 1555; x_wconf 78' lang='lat' dir='ltr'><strong>Qui</strong></span> <span class='ocrx_word' id='word_1_58' title='bbox 631 1486 705 1537; x_wconf 89' lang='lat' dir='ltr'><strong>taotu</strong></span> <span class='ocrx_word' id='word_1_59' title='bbox 720 1475 774 1537; x_wconf 77' lang='lat' dir='ltr'><strong>lui</strong></span> <span class='ocrx_word' id='word_1_60' title='bbox 801 1475 900 1537; x_wconf 80' lang='lat' dir='ltr'><strong>feretri</strong></span> <span class='ocrx_word' id='word_1_61' title='bbox 927 1477 985 1538; x_wconf 81' lang='lat' dir='ltr'><strong>irari</strong></span> <span class='ocrx_word' id='word_1_62' title='bbox 1015 1479 1088 1541; x_wconf 81' lang='lat' dir='ltr'><strong>lacis</strong></span> <span class='ocrx_word' id='word_1_63' title='bbox 1125 1480 1246 1542; x_wconf 85' lang='lat' dir='ltr'><strong>sanitato</strong></span> <span class='ocrx_word' id='word_1_64' title='bbox 1284 1456 1466 1544; x_wconf 75' lang='lat' dir='ltr'><strong>tenerrimam</strong></span> 
     </span>
     <span class='ocr_line' id='line_1_10' title="bbox 410 1559 1467 1645; baseline 0.004 -20"><span class='ocrx_word' id='word_1_65' title='bbox 410 1561 546 1634; x_wconf 80' lang='lat' dir='ltr'><strong>Caesaris</strong></span> <span class='ocrx_word' id='word_1_66' title='bbox 574 1560 678 1637; x_wconf 84' lang='lat' dir='ltr'><strong>filiam,</strong></span> <span class='ocrx_word' id='word_1_67' title='bbox 719 1559 828 1621; x_wconf 85' lang='lat' dir='ltr'><strong>Sotana</strong></span> <span class='ocrx_word' id='word_1_68' title='bbox 856 1580 1041 1640; x_wconf 72' lang='lat' dir='ltr'><strong>oppressam:</strong></span> <span class='ocrx_word' id='word_1_69' title='bbox 1068 1563 1166 1644; x_wconf 77' lang='lat' dir='ltr'><strong>ignem</strong></span> <span class='ocrx_word' id='word_1_70' title='bbox 1195 1568 1347 1645; x_wconf 83' lang='lat' dir='ltr'><strong>gehennae</strong></span> <span class='ocrx_word' id='word_1_71' title='bbox 1376 1567 1467 1631; x_wconf 87' lang='lat' dir='ltr'><strong>iaeens</strong></span> 
     </span>
    </p>
   </div>
   <div class='ocr_carea' id='block_1_8' title="bbox 320 1640 861 1711">
    <p class='ocr_par' dir='ltr' id='par_1_8' title="bbox 320 1640 861 1711">
     <span class='ocr_line' id='line_1_11' title="bbox 320 1640 861 1711; baseline -0.002 -5"><span class='ocrx_word' id='word_1_72' title='bbox 320 1640 326 1662; x_wconf 79' lang='lat'><strong>¹</strong></span> <span class='ocrx_word' id='word_1_73' title='bbox 407 1648 438 1708; x_wconf 93' lang='lat' dir='ltr'><strong>in</strong></span> <span class='ocrx_word' id='word_1_74' title='bbox 462 1658 539 1709; x_wconf 87' lang='lat' dir='ltr'><strong>terra</strong></span> <span class='ocrx_word' id='word_1_75' title='bbox 561 1647 690 1711; x_wconf 85' lang='lat' dir='ltr'><strong>Viennae</strong></span> <span class='ocrx_word' id='word_1_76' title='bbox 710 1644 861 1707; x_wconf 83' lang='lat' dir='ltr'><strong>moitilioa.</strong></span> 
     </span>
    </p>
   </div>
   <div class='ocr_carea' id='block_1_9' title="bbox 451 1746 1468 1834">
    <p class='ocr_par' dir='ltr' id='par_1_9' title="bbox 451 1746 1468 1834">
     <span class='ocr_line' id='line_1_12' title="bbox 451 1746 1468 1834; baseline 0 -20"><span class='ocrx_word' id='word_1_77' title='bbox 451 1752 501 1815; x_wconf 91' lang='grc'><strong>12.</strong></span> <span class='ocrx_word' id='word_1_78' title='bbox 542 1749 634 1830; x_wconf 76' lang='lat' dir='ltr'><strong>hgios</strong></span> <span class='ocrx_word' id='word_1_79' title='bbox 654 1746 733 1808; x_wconf 86' lang='lat' dir='ltr'><strong>reris</strong></span> <span class='ocrx_word' id='word_1_80' title='bbox 753 1746 921 1834; x_wconf 22' lang='lat' dir='ltr'><strong>ras‚1Maii</strong></span> <span class='ocrx_word' id='word_1_81' title='bbox 944 1748 1013 1826; x_wconf 88' lang='lat' dir='ltr'><strong>flos,</strong></span> <span class='ocrx_word' id='word_1_82' title='bbox 1038 1751 1106 1811; x_wconf 90' lang='lat' dir='ltr'><strong>andi</strong></span> <span class='ocrx_word' id='word_1_83' title='bbox 1128 1770 1196 1823; x_wconf 81' lang='lat' dir='ltr'><strong>nos3</strong></span> <span class='ocrx_word' id='word_1_84' title='bbox 1218 1769 1287 1812; x_wconf 86' lang='lat' dir='ltr'><strong>nam</strong></span> <span class='ocrx_word' id='word_1_85' title='bbox 1304 1761 1337 1824; x_wconf 86' lang='lat' dir='ltr'><strong>te</strong></span> <span class='ocrx_word' id='word_1_86' title='bbox 1358 1752 1468 1814; x_wconf 88' lang='lat' dir='ltr'><strong>trinitas</strong></span> 
     </span>
    </p>
   </div>
   <div class='ocr_carea' id='block_1_10' title="bbox 285 1831 894 1917">
    <p class='ocr_par' dir='ltr' id='par_1_10' title="bbox 285 1831 894 1917">
     <span class='ocr_line' id='line_1_13' title="bbox 285 1831 894 1917; baseline -0.028 -14"><span class='ocrx_word' id='word_1_87' title='bbox 285 1883 286 1893; x_wconf 44' lang='lat'>1</span> <span class='ocrx_word' id='word_1_88' title='bbox 408 1834 541 1917; x_wconf 78' lang='lat' dir='ltr'><strong>quiequid</strong></span> <span class='ocrx_word' id='word_1_89' title='bbox 563 1833 637 1913; x_wconf 90' lang='lat' dir='ltr'><strong>petis</strong></span> <span class='ocrx_word' id='word_1_90' title='bbox 658 1831 782 1893; x_wconf 80' lang='lat' dir='ltr'><strong>exaudit,</strong></span> <span class='ocrx_word' id='word_1_91' title='bbox 888 1855 894 1865; x_wconf 92' lang='lat'><strong>·</strong></span> 
     </span>
    </p>
   </div>
   <div class='ocr_carea' id='block_1_11' title="bbox 407 1933 1467 2100">
    <p class='ocr_par' dir='ltr' id='par_1_11' title="bbox 407 1933 1467 2100">
     <span class='ocr_line' id='line_1_14' title="bbox 451 1933 1467 2017; baseline -0.005 -16"><span class='ocrx_word' id='word_1_92' title='bbox 451 1938 501 2012; x_wconf 77' lang='lat'><strong>13.</strong></span> <span class='ocrx_word' id='word_1_93' title='bbox 545 1936 681 1997; x_wconf 78' lang='lat' dir='ltr'><strong>0&#39;l&#39;heos</strong></span> <span class='ocrx_word' id='word_1_94' title='bbox 701 1933 850 2014; x_wconf 73' lang='lat' dir='ltr'><strong>ischyrae,</strong></span> <span class='ocrx_word' id='word_1_95' title='bbox 871 1935 947 1995; x_wconf 86' lang='lat' dir='ltr'><strong>vitae</strong></span> <span class='ocrx_word' id='word_1_96' title='bbox 966 1936 1138 2013; x_wconf 20' lang='lat' dir='ltr'><strong>dom-salva</strong></span> <span class='ocrx_word' id='word_1_97' title='bbox 1159 1956 1227 2015; x_wconf 87' lang='lat' dir='ltr'><strong>nos,</strong></span> <span class='ocrx_word' id='word_1_98' title='bbox 1258 1937 1309 1997; x_wconf 85' lang='lat' dir='ltr'><strong>tihi</strong></span> <span class='ocrx_word' id='word_1_99' title='bbox 1331 1957 1384 2016; x_wconf 91' lang='lat' dir='ltr'><strong>pro</strong></span> <span class='ocrx_word' id='word_1_100' title='bbox 1408 1938 1467 2017; x_wconf 89' lang='lat' dir='ltr'><strong>qui-</strong></span> 
     </span>
     <span class='ocr_line' id='line_1_15' title="bbox 407 2016 803 2100; baseline -0.015 -16"><span class='ocrx_word' id='word_1_101' title='bbox 407 2025 462 2086; x_wconf 84' lang='lat' dir='ltr'><strong>hus</strong></span> <span class='ocrx_word' id='word_1_102' title='bbox 481 2019 624 2085; x_wconf 80' lang='lat' dir='ltr'><strong>Antonius</strong></span> <span class='ocrx_word' id='word_1_103' title='bbox 644 2016 803 2100; x_wconf 83' lang='lat' dir='ltr'><strong>applaudit.</strong></span> 
     </span>
    </p>
   </div>
   <div class='ocr_carea' id='block_1_12' title="bbox 323 2119 1467 2576">
    <p class='ocr_par' dir='ltr' id='par_1_12' title="bbox 399 2119 1467 2291">
     <span class='ocr_line' id='line_1_16' title="bbox 399 2119 1467 2202; baseline -0.005 -15"><span class='ocrx_word' id='word_1_104' title='bbox 399 2140 402 2143; x_wconf 85' lang='grc'><em>·</em></span> <span class='ocrx_word' id='word_1_105' title='bbox 449 2124 501 2188; x_wconf 83' lang='grc'><strong>14.</strong></span> <span class='ocrx_word' id='word_1_106' title='bbox 541 2123 588 2186; x_wconf 85' lang='lat' dir='ltr'><strong>Ila</strong></span> <span class='ocrx_word' id='word_1_107' title='bbox 614 2133 742 2202; x_wconf 61' lang='lat' dir='ltr'><strong>tempus,</strong></span> <span class='ocrx_word' id='word_1_108' title='bbox 759 2119 965 2200; x_wconf 81' lang='lat' dir='ltr'><strong>poenitentiae,</strong></span> <span class='ocrx_word' id='word_1_109' title='bbox 1008 2132 1105 2185; x_wconf 82' lang='lat' dir='ltr'><strong>averte</strong></span> <span class='ocrx_word' id='word_1_110' title='bbox 1142 2124 1259 2186; x_wconf 80' lang='lat' dir='ltr'><strong>morbos</strong></span> <span class='ocrx_word' id='word_1_111' title='bbox 1294 2124 1408 2185; x_wconf 84' lang='lat' dir='ltr'><strong>validos</strong></span> <span class='ocrx_word' id='word_1_112' title='bbox 1441 2133 1467 2183; x_wconf 86' lang='lat' dir='ltr'><strong>at</strong></span> 
     </span>
     <span class='ocr_line' id='line_1_17' title="bbox 406 2208 567 2291; baseline 0.012 -20"><span class='ocrx_word' id='word_1_113' title='bbox 406 2208 567 2291; x_wconf 81' lang='lat' dir='ltr'><strong>epidimiae.</strong></span> 
     </span>
    </p>

    <p class='ocr_par' dir='ltr' id='par_1_13' title="bbox 323 2305 1466 2576">
     <span class='ocr_line' id='line_1_18' title="bbox 451 2305 1465 2395; baseline -0.007 -20"><span class='ocrx_word' id='word_1_114' title='bbox 451 2315 500 2395; x_wconf 71' lang='lat' dir='ltr'><strong>lp.</strong></span> <span class='ocrx_word' id='word_1_115' title='bbox 543 2310 625 2371; x_wconf 80' lang='lat' dir='ltr'><strong>Tuas</strong></span> <span class='ocrx_word' id='word_1_116' title='bbox 656 2305 870 2369; x_wconf 82' lang='lat' dir='ltr'><strong>misericordias</strong></span> <span class='ocrx_word' id='word_1_117' title='bbox 904 2308 933 2368; x_wconf 91' lang='lat' dir='ltr'><strong>in</strong></span> <span class='ocrx_word' id='word_1_118' title='bbox 962 2327 1016 2369; x_wconf 87' lang='lat' dir='ltr'><strong>uos</strong></span> <span class='ocrx_word' id='word_1_119' title='bbox 1050 2317 1183 2371; x_wconf 79' lang='lat' dir='ltr'><strong>converte</strong></span> <span class='ocrx_word' id='word_1_120' title='bbox 1219 2308 1333 2385; x_wconf 86' lang='lat' dir='ltr'><strong>oeulos,</strong></span> <span class='ocrx_word' id='word_1_121' title='bbox 1374 2329 1393 2369; x_wconf 92' lang='lat' dir='ltr'><strong>o</strong></span> <span class='ocrx_word' id='word_1_122' title='bbox 1426 2308 1465 2369; x_wconf 86' lang='lat' dir='ltr'><strong>fili</strong></span> 
     </span>
     <span class='ocr_line' id='line_1_19' title="bbox 403 2395 906 2484; baseline -0.004 -25"><span class='ocrx_word' id='word_1_123' title='bbox 403 2395 528 2459; x_wconf 85' lang='lat' dir='ltr'><strong>Mariae.</strong></span> <span class='ocrx_word' id='word_1_124' title='bbox 903 2475 906 2484; x_wconf 27' lang='grc' dir='ltr'>Ι</span> 
     </span>
     <span class='ocr_line' id='line_1_20' title="bbox 323 2494 1466 2576; baseline -0.003 -17"><span class='ocrx_word' id='word_1_125' title='bbox 323 2524 328 2532; x_wconf 52' lang='lat'>*</span> <span class='ocrx_word' id='word_1_126' title='bbox 449 2500 498 2562; x_wconf 89' lang='grc'><strong>16.</strong></span> <span class='ocrx_word' id='word_1_127' title='bbox 540 2497 566 2559; x_wconf 92' lang='lat'>0</span> <span class='ocrx_word' id='word_1_128' title='bbox 593 2495 714 2572; x_wconf 80' lang='lat' dir='ltr'><strong>Antoni,</strong></span> <span class='ocrx_word' id='word_1_129' title='bbox 742 2504 904 2556; x_wconf 87' lang='lat' dir='ltr'><strong>nostrornm</strong></span> <span class='ocrx_word' id='word_1_130' title='bbox 923 2494 1063 2557; x_wconf 83' lang='lat' dir='ltr'><strong>miserare</strong></span> <span class='ocrx_word' id='word_1_131' title='bbox 1082 2502 1279 2576; x_wconf 81' lang='lat' dir='ltr'><strong>peecatorum:</strong></span> <span class='ocrx_word' id='word_1_132' title='bbox 1307 2514 1360 2575; x_wconf 85' lang='lat' dir='ltr'><strong>per</strong></span> <span class='ocrx_word' id='word_1_133' title='bbox 1388 2503 1466 2556; x_wconf 87' lang='lat' dir='ltr'><strong>tunm</strong></span> 
     </span>
    </p>
   </div>
   <div class='ocr_carea' id='block_1_13' title="bbox 405 2582 1481 2738">
    <p class='ocr_par' dir='ltr' id='par_1_14' title="bbox 405 2582 1481 2738">
     <span class='ocr_line' id='line_1_21' title="bbox 406 2582 1481 2679; baseline -0.006 -34"><span class='ocrx_word' id='word_1_134' title='bbox 406 2593 554 2664; x_wconf 80' lang='lat' dir='ltr'><strong>precatam</strong></span> <span class='ocrx_word' id='word_1_135' title='bbox 580 2582 688 2679; x_wconf 77' lang='lat' dir='ltr'><strong>perduc</strong></span> <span class='ocrx_word' id='word_1_136' title='bbox 712 2600 765 2642; x_wconf 89' lang='lat' dir='ltr'><strong>nos</strong></span> <span class='ocrx_word' id='word_1_137' title='bbox 796 2599 897 2643; x_wconf 82' lang='lat' dir='ltr'><strong>servos</strong></span> <span class='ocrx_word' id='word_1_138' title='bbox 923 2590 989 2644; x_wconf 90' lang='lat' dir='ltr'><strong>tnos</strong></span> <span class='ocrx_word' id='word_1_139' title='bbox 1017 2582 1047 2642; x_wconf 92' lang='lat' dir='ltr'><strong>iu</strong></span> <span class='ocrx_word' id='word_1_140' title='bbox 1069 2590 1191 2654; x_wconf 88' lang='lat' dir='ltr'><strong>statam,</strong></span> <span class='ocrx_word' id='word_1_141' title='bbox 1212 2582 1246 2639; x_wconf 86' lang='lat' dir='ltr'><strong>ad</strong></span> <span class='ocrx_word' id='word_1_142' title='bbox 1269 2590 1296 2640; x_wconf 88' lang='lat' dir='ltr'><strong>ta</strong></span> <span class='ocrx_word' id='word_1_143' title='bbox 1319 2590 1350 2641; x_wconf 93' lang='lat' dir='ltr'><strong>ut</strong></span> <span class='ocrx_word' id='word_1_144' title='bbox 1372 2582 1481 2660; x_wconf 70' lang='lat' dir='ltr'><strong>possi·</strong></span> 
     </span>
     <span class='ocr_line' id='line_1_22' title="bbox 405 2678 630 2738; baseline -0.031 -5"><span class='ocrx_word' id='word_1_145' title='bbox 405 2689 470 2738; x_wconf 85' lang='lat' dir='ltr'><strong>mus</strong></span> <span class='ocrx_word' id='word_1_146' title='bbox 498 2678 630 2733; x_wconf 81' lang='lat' dir='ltr'><strong>transtra.</strong></span> 
     </span>
    </p>
   </div>
   <div class='ocr_carea' id='block_1_14' title="bbox 860 2783 1005 2796">
    <p class='ocr_par' dir='ltr' id='par_1_15' title="bbox 860 2783 1005 2796">
     <span class='ocr_line' id='line_1_23' title="bbox 860 2783 1005 2796; baseline 0.014 -2"><span class='ocrx_word' id='word_1_147' title='bbox 860 2783 1005 2796; x_wconf 70' lang='lat' dir='ltr'><strong>—u—</strong></span> 
     </span>
    </p>
   </div>
   <div class='ocr_carea' id='block_1_15' title="bbox 377 2864 1481 3124">
    <p class='ocr_par' dir='ltr' id='par_1_16' title="bbox 377 2864 1481 3124">
     <span class='ocr_line' id='line_1_24' title="bbox 377 2864 1481 2946; baseline -0.001 -13"><span class='ocrx_word' id='word_1_148' title='bbox 377 2932 379 2939; x_wconf 87' lang='grc'>,</span> <span class='ocrx_word' id='word_1_149' title='bbox 490 2873 595 2933; x_wconf 83' lang='lat' dir='ltr'><strong>Exstat</strong></span> <span class='ocrx_word' id='word_1_150' title='bbox 629 2879 729 2930; x_wconf 82' lang='lat' dir='ltr'><strong>cautas</strong></span> <span class='ocrx_word' id='word_1_151' title='bbox 762 2870 792 2929; x_wconf 93' lang='lat' dir='ltr'><strong>in</strong></span> <span class='ocrx_word' id='word_1_152' title='bbox 827 2864 932 2929; x_wconf 85' lang='lat' dir='ltr'><strong>officiis</strong></span> <span class='ocrx_word' id='word_1_153' title='bbox 966 2872 1086 2932; x_wconf 85' lang='lat' dir='ltr'><strong>vetastis</strong></span> <span class='ocrx_word' id='word_1_154' title='bbox 1119 2870 1258 2932; x_wconf 83' lang='lat' dir='ltr'><strong>eeclesiae</strong></span> <span class='ocrx_word' id='word_1_155' title='bbox 1290 2864 1481 2946; x_wconf 70' lang='grc' dir='ltr'><strong>Μίιιάοιιεὶε,1</strong></span> 
     </span>
     <span class='ocr_line' id='line_1_25' title="bbox 405 2951 1462 3034; baseline -0.001 -15"><span class='ocrx_word' id='word_1_156' title='bbox 405 2954 674 3033; x_wconf 72' lang='lat' dir='ltr'><strong>Mersahnhgeusis,</strong></span> <span class='ocrx_word' id='word_1_157' title='bbox 692 2951 889 3029; x_wconf 66' lang='lat' dir='ltr'><strong>Palmensis,</strong></span> <span class='ocrx_word' id='word_1_158' title='bbox 910 2951 1106 3032; x_wconf 77' lang='lat' dir='ltr'><strong>aliarumque,</strong></span> <span class='ocrx_word' id='word_1_159' title='bbox 1141 2975 1224 3034; x_wconf 85' lang='lat' dir='ltr'><strong>quem</strong></span> <span class='ocrx_word' id='word_1_160' title='bbox 1254 2955 1377 3017; x_wconf 85' lang='lat' dir='ltr'><strong>anohis</strong></span> <span class='ocrx_word' id='word_1_161' title='bbox 1406 2975 1462 3018; x_wconf 86' lang='lat' dir='ltr'><strong>nou</strong></span> 
     </span>
     <span class='ocr_line' id='line_1_26' title="bbox 402 3036 1462 3124; baseline -0.002 -22"><span class='ocrx_word' id='word_1_162' title='bbox 402 3052 522 3124; x_wconf 84' lang='lat' dir='ltr'><strong>propter</strong></span> <span class='ocrx_word' id='word_1_163' title='bbox 534 3037 709 3122; x_wconf 79' lang='lat' dir='ltr'><strong>elegantiam</strong></span> <span class='ocrx_word' id='word_1_164' title='bbox 722 3045 806 3117; x_wconf 79' lang='lat' dir='ltr'><strong>atqrno</strong></span> <span class='ocrx_word' id='word_1_165' title='bbox 825 3036 997 3099; x_wconf 84' lang='lat' dir='ltr'><strong>suavitatem</strong></span> <span class='ocrx_word' id='word_1_166' title='bbox 1016 3039 1067 3100; x_wconf 86' lang='lat' dir='ltr'><strong>sed</strong></span> <span class='ocrx_word' id='word_1_167' title='bbox 1090 3039 1126 3100; x_wconf 90' lang='lat' dir='ltr'><strong>oh</strong></span> <span class='ocrx_word' id='word_1_168' title='bbox 1140 3039 1316 3118; x_wconf 83' lang='lat' dir='ltr'><strong>rhythmicas</strong></span> <span class='ocrx_word' id='word_1_169' title='bbox 1335 3041 1462 3101; x_wconf 87' lang='lat' dir='ltr'><strong>rationes</strong></span> 
     </span>
    </p>
   </div>
   <div class='ocr_carea' id='block_1_16' title="bbox 298 3119 1461 3205">
    <p class='ocr_par' dir='ltr' id='par_1_17' title="bbox 298 3119 1461 3205">
     <span class='ocr_line' id='line_1_27' title="bbox 298 3119 1461 3205; baseline 0 -22"><span class='ocrx_word' id='word_1_170' title='bbox 298 3178 300 3183; x_wconf 89' lang='lat'>.</span> <span class='ocrx_word' id='word_1_171' title='bbox 403 3136 550 3205; x_wconf 86' lang='lat' dir='ltr'><strong>receptum</strong></span> <span class='ocrx_word' id='word_1_172' title='bbox 574 3136 657 3201; x_wconf 82' lang='lat' dir='ltr'><strong>&#39;esse,</strong></span> <span class='ocrx_word' id='word_1_173' title='bbox 686 3142 771 3202; x_wconf 86' lang='lat' dir='ltr'><strong>spera</strong></span> <span class='ocrx_word' id='word_1_174' title='bbox 802 3122 864 3182; x_wconf 84' lang='lat' dir='ltr'><strong>iore</strong></span> <span class='ocrx_word' id='word_1_175' title='bbox 888 3122 920 3182; x_wconf 80' lang='lat' dir='ltr'><strong>u&#39;t</strong></span> <span class='ocrx_word' id='word_1_176' title='bbox 942 3142 1026 3183; x_wconf 88' lang='lat' dir='ltr'><strong>nemo</strong></span> <span class='ocrx_word' id='word_1_177' title='bbox 1052 3142 1111 3183; x_wconf 89' lang='lat' dir='ltr'><strong>uon</strong></span> <span class='ocrx_word' id='word_1_178' title='bbox 1139 3122 1244 3189; x_wconf 85' lang='lat' dir='ltr'><strong>rideat.</strong></span> <span class='ocrx_word' id='word_1_179' title='bbox 1291 3119 1408 3186; x_wconf 79' lang='lat' dir='ltr'><strong>Etenim</strong></span> <span class='ocrx_word' id='word_1_180' title='bbox 1436 3123 1461 3186; x_wconf 91' lang='lat' dir='ltr'><strong>si</strong></span> 
     </span>
    </p>
   </div>
   <div class='ocr_carea' id='block_1_17' title="bbox 402 3205 1462 3626">
    <p class='ocr_par' dir='ltr' id='par_1_18' title="bbox 402 3205 1462 3626">
     <span class='ocr_line' id='line_1_28' title="bbox 404 3205 1462 3295; baseline -0.007 -20"><span class='ocrx_word' id='word_1_181' title='bbox 404 3221 568 3295; x_wconf 77' lang='lat' dir='ltr'><strong>spectamus</strong></span> <span class='ocrx_word' id='word_1_182' title='bbox 589 3228 692 3270; x_wconf 86' lang='lat' dir='ltr'><strong>voaam</strong></span> <span class='ocrx_word' id='word_1_183' title='bbox 714 3205 893 3283; x_wconf 80' lang='lat' dir='ltr'><strong>barbariem,</strong></span> <span class='ocrx_word' id='word_1_184' title='bbox 913 3226 1075 3268; x_wconf 89' lang='lat' dir='ltr'><strong>sermonem</strong></span> <span class='ocrx_word' id='word_1_185' title='bbox 1096 3219 1215 3288; x_wconf 81' lang='lat' dir='ltr'><strong>prorsus</strong></span> <span class='ocrx_word' id='word_1_186' title='bbox 1237 3206 1413 3271; x_wconf 80' lang='lat' dir='ltr'><strong>inconditam</strong></span> <span class='ocrx_word' id='word_1_187' title='bbox 1435 3218 1462 3269; x_wconf 91' lang='lat' dir='ltr'><strong>et</strong></span> 
     </span>
     <span class='ocr_line' id='line_1_29' title="bbox 403 3291 1461 3374; baseline -0.002 -18"><span class='ocrx_word' id='word_1_188' title='bbox 403 3296 583 3357; x_wconf 87' lang='lat' dir='ltr'><strong>salebrosum</strong></span> <span class='ocrx_word' id='word_1_189' title='bbox 597 3293 649 3355; x_wconf 82' lang='lat' dir='ltr'><strong>vix</strong></span> <span class='ocrx_word' id='word_1_190' title='bbox 668 3291 784 3355; x_wconf 89' lang='lat' dir='ltr'><strong>memini</strong></span> <span class='ocrx_word' id='word_1_191' title='bbox 806 3311 853 3352; x_wconf 89' lang='lat' dir='ltr'><strong>me</strong></span> <span class='ocrx_word' id='word_1_192' title='bbox 875 3310 1001 3370; x_wconf 86' lang='lat' dir='ltr'><strong>uuquam</strong></span> <span class='ocrx_word' id='word_1_193' title='bbox 1020 3291 1127 3370; x_wconf 76' lang='lat' dir='ltr'><strong>legisse</strong></span> <span class='ocrx_word' id='word_1_194' title='bbox 1147 3292 1270 3354; x_wconf 81' lang='lat' dir='ltr'><strong>Pansam</strong></span> <span class='ocrx_word' id='word_1_195' title='bbox 1291 3293 1388 3371; x_wconf 84' lang='lat' dir='ltr'><strong>magis</strong></span> <span class='ocrx_word' id='word_1_196' title='bbox 1410 3314 1461 3374; x_wconf 80' lang='lat' dir='ltr'><strong>ge-</strong></span> 
     </span>
     <span class='ocr_line' id='line_1_30' title="bbox 403 3375 1461 3459; baseline -0.003 -19"><span class='ocrx_word' id='word_1_197' title='bbox 403 3381 493 3443; x_wconf 92' lang='lat' dir='ltr'><strong>nnina</strong></span> <span class='ocrx_word' id='word_1_198' title='bbox 505 3388 590 3459; x_wconf 86' lang='lat' dir='ltr'><strong>atque</strong></span> <span class='ocrx_word' id='word_1_199' title='bbox 611 3377 739 3439; x_wconf 84' lang='lat' dir='ltr'><strong>inlneata</strong></span> <span class='ocrx_word' id='word_1_200' title='bbox 750 3375 830 3455; x_wconf 89' lang='lat' dir='ltr'><strong>poesi</strong></span> <span class='ocrx_word' id='word_1_201' title='bbox 845 3376 980 3438; x_wconf 86' lang='lat' dir='ltr'><strong>alienam.</strong></span> <span class='ocrx_word' id='word_1_202' title='bbox 1024 3377 1063 3438; x_wconf 87' lang='lat' dir='ltr'><strong>Ut</strong></span> <span class='ocrx_word' id='word_1_203' title='bbox 1077 3377 1223 3439; x_wconf 87' lang='lat' dir='ltr'><strong>mittamus</strong></span> <span class='ocrx_word' id='word_1_204' title='bbox 1236 3377 1385 3454; x_wconf 88' lang='lat' dir='ltr'><strong>stropham</strong></span> <span class='ocrx_word' id='word_1_205' title='bbox 1400 3379 1461 3458; x_wconf 89' lang='lat' dir='ltr'><strong>pri-</strong></span> 
     </span>
     <span class='ocr_line' id='line_1_31' title="bbox 402 3461 1461 3543; baseline -0.003 -19"><span class='ocrx_word' id='word_1_206' title='bbox 402 3483 480 3526; x_wconf 82' lang='lat' dir='ltr'><strong>mam</strong></span> <span class='ocrx_word' id='word_1_207' title='bbox 502 3473 530 3523; x_wconf 86' lang='lat' dir='ltr'><strong>et</strong></span> <span class='ocrx_word' id='word_1_208' title='bbox 551 3464 682 3524; x_wconf 89' lang='lat' dir='ltr'><strong>ultimam</strong></span> <span class='ocrx_word' id='word_1_209' title='bbox 705 3463 791 3543; x_wconf 82' lang='lat' dir='ltr'><strong>(quas</strong></span> <span class='ocrx_word' id='word_1_210' title='bbox 814 3470 844 3521; x_wconf 92' lang='lat' dir='ltr'><strong>ut</strong></span> <span class='ocrx_word' id='word_1_211' title='bbox 867 3480 954 3540; x_wconf 85' lang='lat' dir='ltr'><strong>saepo</strong></span> <span class='ocrx_word' id='word_1_212' title='bbox 976 3461 1086 3541; x_wconf 89' lang='lat' dir='ltr'><strong>proprii</strong></span> <span class='ocrx_word' id='word_1_213' title='bbox 1114 3471 1181 3523; x_wconf 90' lang='lat' dir='ltr'><strong>sunt</strong></span> <span class='ocrx_word' id='word_1_214' title='bbox 1202 3462 1341 3540; x_wconf 85' lang='lat' dir='ltr'><strong>rhythmi)</strong></span> <span class='ocrx_word' id='word_1_215' title='bbox 1371 3462 1461 3523; x_wconf 83' lang='lat' dir='ltr'><strong>cointi-</strong></span> 
     </span>
     <span class='ocr_line' id='line_1_32' title="bbox 402 3545 1461 3626; baseline -0.002 -18"><span class='ocrx_word' id='word_1_216' title='bbox 402 3557 451 3608; x_wconf 86' lang='lat' dir='ltr'><strong>net</strong></span> <span class='ocrx_word' id='word_1_217' title='bbox 476 3548 568 3608; x_wconf 86' lang='lat' dir='ltr'><strong>Prusa</strong></span> <span class='ocrx_word' id='word_1_218' title='bbox 595 3558 706 3624; x_wconf 90' lang='lat' dir='ltr'><strong>septem</strong></span> <span class='ocrx_word' id='word_1_219' title='bbox 739 3545 822 3624; x_wconf 86' lang='lat' dir='ltr'><strong>paria</strong></span> <span class='ocrx_word' id='word_1_220' title='bbox 848 3545 1055 3624; x_wconf 80' lang='lat' dir='ltr'><strong>stropharum:</strong></span> <span class='ocrx_word' id='word_1_221' title='bbox 1099 3553 1130 3624; x_wconf 86' lang='lat' dir='ltr'><strong>a)</strong></span> <span class='ocrx_word' id='word_1_222' title='bbox 1151 3546 1185 3609; x_wconf 93' lang='lat' dir='ltr'><strong>ll.</strong></span> <span class='ocrx_word' id='word_1_223' title='bbox 1209 3546 1255 3607; x_wconf 86' lang='grc' dir='ltr'><strong>ΙΙΙ.</strong></span> <span class='ocrx_word' id='word_1_224' title='bbox 1282 3545 1386 3626; x_wconf 80' lang='lat' dir='ltr'><strong>syllalr.</strong></span> <span class='ocrx_word' id='word_1_225' title='bbox 1410 3549 1461 3609; x_wconf 83' lang='lat'><strong>35.</strong></span> 
     </span>
    </p>
   </div>
   <div class='ocr_carea' id='block_1_18' title="bbox 401 3628 1461 3712">
    <p class='ocr_par' dir='ltr' id='par_1_19' title="bbox 401 3628 1461 3712">
     <span class='ocr_line' id='line_1_33' title="bbox 401 3628 1461 3712; baseline 0 -20"><span class='ocrx_word' id='word_1_226' title='bbox 401 3631 436 3712; x_wconf 89' lang='lat' dir='ltr'><strong>h)</strong></span> <span class='ocrx_word' id='word_1_227' title='bbox 456 3630 504 3697; x_wconf 79' lang='lat' dir='ltr'><strong>lv.</strong></span> <span class='ocrx_word' id='word_1_228' title='bbox 525 3629 561 3693; x_wconf 54' lang='lat' dir='ltr'><strong>vt</strong></span> <span class='ocrx_word' id='word_1_229' title='bbox 579 3630 646 3710; x_wconf 88' lang='lat' dir='ltr'><strong>syll.</strong></span> <span class='ocrx_word' id='word_1_230' title='bbox 668 3630 721 3693; x_wconf 90' lang='grc'><strong>32.</strong></span> <span class='ocrx_word' id='word_1_231' title='bbox 768 3631 798 3709; x_wconf 89' lang='lat' dir='ltr'><strong>e)</strong></span> <span class='ocrx_word' id='word_1_232' title='bbox 820 3628 870 3694; x_wconf 83' lang='lat' dir='ltr'><strong>vt.</strong></span> <span class='ocrx_word' id='word_1_233' title='bbox 888 3629 948 3690; x_wconf 82' lang='lat' dir='ltr'><strong>Vll.</strong></span> <span class='ocrx_word' id='word_1_234' title='bbox 972 3630 1040 3707; x_wconf 84' lang='lat' dir='ltr'><strong>ayll.</strong></span> <span class='ocrx_word' id='word_1_235' title='bbox 1061 3631 1111 3693; x_wconf 83' lang='lat'><strong>35.</strong></span> <span class='ocrx_word' id='word_1_236' title='bbox 1161 3633 1195 3710; x_wconf 78' lang='lat' dir='ltr'><strong>d)</strong></span> <span class='ocrx_word' id='word_1_237' title='bbox 1216 3631 1290 3693; x_wconf 87' lang='lat' dir='ltr'><strong>Vlll.</strong></span> <span class='ocrx_word' id='word_1_238' title='bbox 1318 3629 1374 3694; x_wconf 85' lang='lat' dir='ltr'><strong>lx.</strong></span> <span class='ocrx_word' id='word_1_239' title='bbox 1393 3631 1461 3709; x_wconf 88' lang='lat' dir='ltr'><strong>syll.</strong></span> 
     </span>
    </p>
   </div>
   <div class='ocr_carea' id='block_1_19' title="bbox 285 3712 1459 3795">
    <p class='ocr_par' dir='ltr' id='par_1_20' title="bbox 285 3712 1459 3795">
     <span class='ocr_line' id='line_1_34' title="bbox 285 3712 1459 3795; baseline -0.003 -17"><span class='ocrx_word' id='word_1_240' title='bbox 285 3722 288 3733; x_wconf 65' lang='grc'><em>’</em></span> <span class='ocrx_word' id='word_1_241' title='bbox 401 3715 452 3778; x_wconf 82' lang='lat' dir='ltr'><strong>os.</strong></span> <span class='ocrx_word' id='word_1_242' title='bbox 497 3714 590 3790; x_wconf 73' lang='lat' dir='ltr'><strong>ox.</strong></span> <span class='ocrx_word' id='word_1_243' title='bbox 622 3712 841 3794; x_wconf 79' lang='lat' dir='ltr'><strong>x1.sytl.4s.</strong></span> <span class='ocrx_word' id='word_1_244' title='bbox 883 3713 1278 3795; x_wconf 81' lang='lat' dir='ltr'><strong>f)x11.xltt.sytt.24.</strong></span> <span class='ocrx_word' id='word_1_245' title='bbox 1326 3714 1361 3793; x_wconf 72' lang='lat' dir='ltr'><strong>g)</strong></span> <span class='ocrx_word' id='word_1_246' title='bbox 1382 3715 1459 3777; x_wconf 77' lang='lat' dir='ltr'><strong>xlv.</strong></span> 
     </span>
    </p>
   </div>
   <div class='ocr_carea' id='block_1_20' title="bbox 324 3792 1460 4303">
    <p class='ocr_par' dir='ltr' id='par_1_21' title="bbox 324 3792 1460 4303">
     <span class='ocr_line' id='line_1_35' title="bbox 400 3792 1460 3880; baseline -0.003 -17"><span class='ocrx_word' id='word_1_247' title='bbox 400 3799 464 3867; x_wconf 80' lang='lat' dir='ltr'><strong>XV.</strong></span> <span class='ocrx_word' id='word_1_248' title='bbox 490 3798 556 3880; x_wconf 89' lang='lat' dir='ltr'><strong>syll.</strong></span> <span class='ocrx_word' id='word_1_249' title='bbox 578 3798 630 3860; x_wconf 84' lang='lat'><strong>22.</strong></span> <span class='ocrx_word' id='word_1_250' title='bbox 671 3800 819 3860; x_wconf 84' lang='lat' dir='ltr'><strong>Aeeednnt</strong></span> <span class='ocrx_word' id='word_1_251' title='bbox 839 3792 1054 3876; x_wconf 76' lang='grc' dir='ltr'><strong>ὁμοιοτέλευτα</strong></span> <span class='ocrx_word' id='word_1_252' title='bbox 1072 3800 1262 3877; x_wconf 84' lang='lat' dir='ltr'><strong>ereherrima,</strong></span> <span class='ocrx_word' id='word_1_253' title='bbox 1292 3799 1397 3878; x_wconf 81' lang='lat' dir='ltr'><strong>quihus</strong></span> <span class='ocrx_word' id='word_1_254' title='bbox 1425 3801 1460 3860; x_wconf 87' lang='lat' dir='ltr'><strong>ad</strong></span> 
     </span>
     <span class='ocr_line' id='line_1_36' title="bbox 324 3882 1460 3964; baseline 0.004 -21"><span class='ocrx_word' id='word_1_255' title='bbox 324 3938 327 3943; x_wconf 89' lang='lat'>.</span> <span class='ocrx_word' id='word_1_256' title='bbox 366 3945 368 3950; x_wconf 81' lang='grc'><em>,</em></span> <span class='ocrx_word' id='word_1_257' title='bbox 400 3885 526 3948; x_wconf 85' lang='lat' dir='ltr'><strong>taedium</strong></span> <span class='ocrx_word' id='word_1_258' title='bbox 554 3902 644 3962; x_wconf 85' lang='lat' dir='ltr'><strong>usqua</strong></span> <span class='ocrx_word' id='word_1_259' title='bbox 664 3882 735 3943; x_wconf 85' lang='lat' dir='ltr'><strong>ludit</strong></span> <span class='ocrx_word' id='word_1_260' title='bbox 761 3891 854 3964; x_wconf 91' lang='lat' dir='ltr'><strong>poeta.</strong></span> <span class='ocrx_word' id='word_1_261' title='bbox 884 3916 923 3927; x_wconf 90' lang='lat'><em>-</em></span> <span class='ocrx_word' id='word_1_262' title='bbox 952 3883 983 3944; x_wconf 88' lang='grc'><strong>2.</strong></span> <span class='ocrx_word' id='word_1_263' title='bbox 1005 3883 1319 3948; x_wconf 71' lang='grc' dir='ltr'><strong>Μᾶ.υιὶεοτοτιιω.</strong></span> <span class='ocrx_word' id='word_1_264' title='bbox 1363 3885 1393 3948; x_wconf 87' lang='grc'><strong>3.</strong></span> <span class='ocrx_word' id='word_1_265' title='bbox 1415 3885 1460 3948; x_wconf 90' lang='lat' dir='ltr'><strong>Pt.</strong></span> 
     </span>
     <span class='ocr_line' id='line_1_37' title="bbox 401 3967 1460 4046; baseline -0.002 -16"><span class='ocrx_word' id='word_1_266' title='bbox 401 3969 516 4037; x_wconf 82' lang='lat' dir='ltr'><strong>subis.</strong></span> <span class='ocrx_word' id='word_1_267' title='bbox 565 3969 594 4034; x_wconf 85' lang='grc'><strong>7,</strong></span> <span class='ocrx_word' id='word_1_268' title='bbox 616 3967 676 4029; x_wconf 88' lang='lat' dir='ltr'><strong>Md.</strong></span> <span class='ocrx_word' id='word_1_269' title='bbox 699 3985 1006 4046; x_wconf 79' lang='lat' dir='ltr'><strong>responsumque.</strong></span> <span class='ocrx_word' id='word_1_270' title='bbox 1028 3967 1140 4028; x_wconf 88' lang='lat' dir='ltr'><strong>Omittit</strong></span> <span class='ocrx_word' id='word_1_271' title='bbox 1158 3970 1295 4029; x_wconf 85' lang='lat' dir='ltr'><strong>orhem.</strong></span> <span class='ocrx_word' id='word_1_272' title='bbox 1337 3971 1369 4031; x_wconf 86' lang='lat'><strong>9.</strong></span> <span class='ocrx_word' id='word_1_273' title='bbox 1397 3969 1460 4029; x_wconf 88' lang='lat' dir='ltr'><strong>Md.</strong></span> 
     </span>
     <span class='ocr_line' id='line_1_38' title="bbox 363 4053 1457 4129; baseline -0.006 -8"><span class='ocrx_word' id='word_1_274' title='bbox 363 4057 576 4122; x_wconf 76' lang='lat' dir='ltr'><strong>&#39;clareret</strong></span> <span class='ocrx_word' id='word_1_275' title='bbox 622 4053 1293 4129; x_wconf 70' lang='lat' dir='ltr'><strong>10.ll¹ld.sunmpata-traducere.</strong></span> <span class='ocrx_word' id='word_1_276' title='bbox 1340 4053 1457 4115; x_wconf 81' lang='lat' dir='ltr'><strong>ll.Pt.</strong></span> 
     </span>
     <span class='ocr_line' id='line_1_39' title="bbox 401 4132 1458 4207; baseline -0.006 -2"><span class='ocrx_word' id='word_1_277' title='bbox 401 4147 501 4205; x_wconf 85' lang='lat' dir='ltr'><strong>taeta</strong></span> <span class='ocrx_word' id='word_1_278' title='bbox 525 4138 577 4200; x_wconf 91' lang='lat' dir='ltr'><strong>tui</strong></span> <span class='ocrx_word' id='word_1_279' title='bbox 605 4132 827 4199; x_wconf 77' lang='lat' dir='ltr'><strong>leretra.&#39;Pt.</strong></span> <span class='ocrx_word' id='word_1_280' title='bbox 850 4133 1014 4198; x_wconf 84' lang='lat' dir='ltr'><strong>Satanae</strong></span> <span class='ocrx_word' id='word_1_281' title='bbox 1036 4170 1077 4184; x_wconf 92' lang='lat'><em>-</em></span> <span class='ocrx_word' id='word_1_282' title='bbox 1099 4137 1324 4201; x_wconf 79' lang='lat' dir='ltr'><strong>mortificat.</strong></span> <span class='ocrx_word' id='word_1_283' title='bbox 1350 4139 1400 4207; x_wconf 75' lang='lat'><strong>14.</strong></span> <span class='ocrx_word' id='word_1_284' title='bbox 1414 4137 1458 4204; x_wconf 85' lang='lat' dir='ltr'><strong>Pl.</strong></span> 
     </span>
     <span class='ocr_line' id='line_1_40' title="bbox 400 4216 1128 4303; baseline -0.01 -14"><span class='ocrx_word' id='word_1_285' title='bbox 400 4244 447 4296; x_wconf 77' lang='lat' dir='ltr'><strong>aa,</strong></span> <span class='ocrx_word' id='word_1_286' title='bbox 493 4216 757 4303; x_wconf 76' lang='lat' dir='ltr'><strong>15.Pt.om.iu.</strong></span> <span class='ocrx_word' id='word_1_287' title='bbox 1125 4217 1128 4222; x_wconf 74' lang='grc'><strong>’</strong></span> 
     </span>
    </p>
   </div>
   <div class='ocr_carea' id='block_1_21' title="bbox 776 4405 1078 4425">
    <p class='ocr_par' dir='ltr' id='par_1_22' title="bbox 776 4405 1078 4425">
     <span class='ocr_line' id='line_1_41' title="bbox 776 4405 1078 4425; baseline -0.007 -2"><span class='ocrx_word' id='word_1_288' title='bbox 776 4405 1078 4425; x_wconf 54' lang='lat' dir='ltr'><strong><em>W</em></strong></span> 
     </span>
    </p>
   </div>
   <div class='ocr_carea' id='block_1_22' title="bbox 0 0 1880 5400">
    <p class='ocr_par' dir='ltr' id='par_1_23' title="bbox 0 0 1880 5400">
     <span class='ocr_line' id='line_1_42' title="bbox 0 0 1880 5400; baseline 0 2"><span class='ocrx_word' id='word_1_289' title='bbox 0 0 1880 5400; x_wconf 95' lang='lat' dir='ltr'><strong> </strong></span> 
     </span>
    </p>
   </div>
  </div>
 </body>
</html>
