3750 5400
401 858 473 923 9.0
490 857 597 921 limos
616 854 782 934 docmate,
812 857 916 920 aode-
961 855 1010 920 10.
1024 855 1163 918 worn
1176 866 1264 937 capot
1275 857 1451 918 detmanm

614 940 652 1001 lis
677 940 816 1019 regulos,
1021 940 1060 1002 Et
1079 940 1110 1002 irl
1123 941 1235 1003 mercis
1248 950 1458 1022 praesentetur,

443 1025 576 1105 Ocaptrt
607 1024 755 1102 Gorgonis
776 1038 805 1085 et
833 1026 914 1087 frao-
1020 1024 1167 1086 Saltotrici
1189 1026 1376 1104 deportator,

611 1108 657 1170 dis
679 1108 812 1170 romolos
1021 1107 1110 1170 Caedi
1140 1110 1214 1168 redit
1242 1110 1374 1191 cythara.

443 1192 497 1254 Est
518 1192 549 1254 in
569 1192 701 1254 muliere.
1018 1191 1124 1254 Sancte
1145 1193 1254 1255 Praero
1276 1190 1421 1268 veritatis,

442 1276 481 1338 Et
521 1278 634 1357 quando
670 1286 771 1338 eareat
803 1285 914 1339 tantam
1020 1275 1227 1357 Staprorroliis
1240 1277 1288 1337 lric
1301 1275 1461 1356 prostratim

611 1360 810 1439 daemonium,
1020 1361 1059 1422 El
1085 1363 1121 1423 orl
1142 1381 1266 1441 regnam
1292 1358 1432 1421 claritatis

443 1441 518 1504 Com
537 1464 641 1524 preces
672 1443 789 1506 valeant
810 1445 865 1508 lroc
887 1455 915 1506 ot
1020 1444 1111 1506 Nolis
1132 1446 1208 1506 riam
1232 1463 1386 1525 praepara.

613 1547 752 1589 ieiunium

443 1609 515 1673 Sola
535 1612 669 1676 deiicere.

486 1805 555 1889 Non*
573 1830 682 1909 pigebit
702 1830 837 1891 lectorem
859 1828 947 1890 haias
969 1828 1128 1905 carminis,
1150 1831 1225 1909 qootl
1247 1841 1276 1889 ct
1297 1837 1461 1908 argomento

401 1922 430 1972 et
456 1932 593 1973 versarem
622 1913 811 1974 collocatione
839 1914 961 1976 multum
998 1915 1084 1976 halet
1120 1913 1350 1994 singularitatis,
1384 1914 1462 1973 halet

401 1996 555 2074 ingeniosi.
590 1997 861 2076 'l‘raosscripsiroos
877 2019 915 2059 ex
931 2000 992 2062 Art.
1007 1998 1105 2063 Sarrct.
1120 2000 1180 2061 loo.
1196 1999 1283 2062 Toni.
1297 1997 1348 2061 Π.
1362 1997 1461 2077 p'r'llll.

285 2119 287 2124 -
402 2081 441 2144 ol.
462 2098 553 2159 sopra
574 2080 608 2142 S.
631 2080 816 2147 ccxxxttt.

837 2237 846 2243 -
853 2235 1024 2244 -.-----—-
1037 2233 1087 2242 ...-

860 2341 1012 2411 ccxm.

712 2483 768 2548 Dc
795 2485 987 2549 Nativitatc
1007 2483 1155 2549 Domini.

404 2603 432 2668 1.
447 2601 522 2663 Noto
544 2601 628 2664 nobis
648 2602 794 2664 salvatore
959 2605 988 2667 3.
1005 2604 1195 2684 Negligeotcs
1221 2622 1280 2666 noo
1305 2601 1447 2681 neglexit,

447 2685 637 2750 celebremus
658 2709 723 2751 com
746 2688 854 2750 lroaore
1000 2687 1058 2749 Setl
1081 2709 1119 2751 ex
1147 2689 1205 2751 alto
1227 2709 1281 2750 nos
1303 2686 1452 2768 prospexit

443 2772 528 2833 Ilieon
552 2774 724 2837 natalitiam.
1000 2772 1089 2832 Pater
1109 2774 1225 2834 mittens
1245 2773 1348 2835 filiurn.

444 2856 537 2917 Nobis
558 2858 658 2937 totus,
686 2856 770 2919 rolris
791 2868 874 2917 natus
999 2855 1145 2919 Praesens
1176 2858 1297 2932 mondo,
1339 2858 1388 2917 secl
1417 2856 1467 2915 alr·

1244 2961 1386 3016 seorsus,
1418 3014 1420 3019 Ι

446 3022 484 3085 Et
513 3024 663 3087 nobiscnm
690 3033 876 3085 conversatos
999 3023 1044 3083 De
1058 3032 1320 3103 secrctotarnqoam
1335 3045 1460 3104 sponsos

445 3109 514 3170 Lux
534 3120 562 3169 et
582 3108 665 3171 solos
687 3109 826 3187 gentilico.
1000 3106 1111 3170 Prodiit
1132 3109 1160 3168 in
1184 3109 1342 3189 pollicum.

402 3245 512 3307 ΖΕΝ
533 3242 614 3323 prins
635 3242 799 3316 interemit,
958 3242 988 3304 4.
1005 3240 1098 3320 Gigas
1118 3242 1221 3320 velox,
1250 3242 1339 3323 gigas
1369 3245 1471 3321 fortis,

444 3328 501 3389 Scrl
524 3328 662 3388 Servator
682 3348 734 3387 nos
758 3326 877 3388 rcrlemit
1000 3326 1108 3406 Gigas,
1123 3339 1240 3388 nostrae
1254 3328 1346 3388 rictor
1360 3331 1473 3409 mortis,

444 3409 550 3471 Carnis
572 3431 642 3472 suae
664 3412 782 3472 merito:
999 3411 1151 3472 Accinctos
1174 3413 1316 3489 potentia,

445 3494 543 3554 Prima
566 3514 670 3571 parcos
694 3497 776 3555 rolris
797 3496 914 3575 loetum,
1001 3496 1043 3556 At
1065 3498 1235 3556 currendam
1257 3496 1337 3557 venit
1359 3497 1457 3577 viaco,

445 3576 502 3635 Sal
530 3577 626 3637 Maria
655 3577 729 3638 ritae
751 3580 875 3641 lrnctum
1000 3578 1159 3659 complens
1181 3580 1212 3639 in
1233 3601 1265 3640 sc
1280 3582 1467 3661 prophetiam

446 3659 568 3720 Protulit
589 3679 654 3720 corn
675 3661 791 3739 gaudio.
1000 3665 1038 3725 Et
1061 3662 1138 3744 legis
1161 3664 1309 3743 mysteria.

659 3795 688 3858 5.
703 3794 767 3853 lesu
776 3838 785 3866 ,
809 3804 908 3853 nostra
929 3797 1067 3857 salotoris

699 3875 862 3951 Medicina,
891 3876 1050 3956 singularis

701 3960 808 4020 Nostra
837 3977 894 4036 pax
921 3973 949 4020 et
978 3962 1090 4039 gloria:

699 4042 777 4118 (loia
799 4042 892 4102 sorvis
922 4045 1096 4107 redirnrorlis

699 4127 776 4187 Tam
799 4127 931 4187 decentor
954 4132 1175 4211 coralesceodis,

700 4212 746 4272 'l'e
768 4209 931 4271 collaudant
954 4214 1062 4274 omnia.

863 4361 1010 4373 ———-

486 4468 637 4529 Rombaclr
660 4464 775 4529 Anthol.
805 4462 827 4523 1.
849 4460 881 4521 S.
903 4459 976 4525 332.
1012 4465 1096 4538 „Die
1123 4468 1205 4530 dritte
1226 4469 1361 4549 Sequens
1384 4473 1420 4533 ist
1444 4475 1472 4535 in

402 4549 625 4630 Ermaogelong
648 4553 700 4612 des
723 4546 874 4630 Originals
901 4563 956 4609 aas
984 4545 1159 4613 Selaeckers
1187 4553 1470 4636 Kirchoogesa'ogco
