3750 5400
382 1979 385 1986 '
482 1965 691 2028 Sutrrerternnt
711 1965 846 2027 continue

485 867 669 933 Proiioiendo
687 866 824 929 ruritius:

486 956 588 1018 Fidem
610 953 721 1015 Christi
743 951 931 1016 intentiones
962 948 968 958 ’

439 1095 442 1100 ,
487 1038 659 1101 Oenideruat
682 1047 710 1097 et
732 1038 861 1100 videntes

447 1186 450 1199 ,
486 1123 658 1188 Deriuerunt
672 1122 816 1183 mittentes
830 1121 858 1181 in
868 1119 1002 1184 exitium.

486 1208 672 1269 Deflorarunt
694 1208 858 1266 intereras

389 1285 393 1292 ’
485 1293 526 1354 Ει
547 1301 697 1354 vastarunt
713 1291 776 1352 Deo
798 1310 883 1354 raras

485 1376 530 1442 Et·
548 1376 666 1457 pudieus
689 1376 828 1454 uirgines.

486 1461 617 1523 Parietes
640 1460 688 1522 not
711 1459 847 1524 Christus

485 1543 559 1606 Crono
581 1563 636 1605 sua
651 1554 750 1606 metro
772 1555 834 1605 erut
857 1544 951 1627 pietus

377 1629 383 1636 '
483 1629 660 1692 Drderarnttt
682 1629 827 1698 continuo.
843 1692 857 1710 .-
932 1670 935 1676 ·

485 1713 681 1775 Detrrrbnrnut
702 1726 818 1774 sanetas
841 1734 959 1792 omnes,

484 1800 700 1876 arnompanos
720 1808 748 1858 et
767 1800 905 1860 ambrones

483 1883 632 1943 Dederunt
653 1882 779 1947 silentio,

484 2047 581 2114 Curres
604 2049 669 2125 isti,
692 2071 708 2110 o
733 2071 818 2130 quiam
843 2052 884 2113 rei
927 2104 930 2110 .

483 2132 564 2192 Fasti
586 2145 653 2194 sunt
674 2136 703 2195 in
726 2135 871 2202 omnibus.

482 2216 614 2295 Surgunt
639 2239 755 2281 rursum
785 2229 997 2301 praepotenter,

481 2298 651 2362 Dirrrieando
673 2304 854 2363 ineensanter

438 2436 446 2444 ,
482 2381 572 2461 Quasi
602 2397 688 2447 totum
717 2386 870 2449 Graeciam
941 2421 944 2428 ·

481 2469 541 2530 iam
563 2469 715 2547 invadunt,
738 2470 794 2530 iarn
818 2472 953 2551 affligunt

479 2552 685 2630 Tristiorem,
713 2555 771 2615 iam
795 2555 996 2638 ronstringuat

477 2637 596 2699 Serriro
619 2638 806 2702 idololatriae.

478 2722 703 2805 congregantur
725 2726 753 2786 in
775 2712 873 2789 furore

477 2808 538 2869 Neo
560 2810 701 2871 dimittent
723 2811 831 2872 intrare

477 2892 586 2954 Contra
608 2895 756 2954 Christum
779 2896 940 2956 dominum.

476 2977 545 3035 'rint
569 2977 685 3040 Christo
708 2981 935 3057 ramminantur,

475 3058 554 3122 Petri
573 3064 673 3125 oedem
693 3064 886 3144 detestantur,

465 3144 515 3206 'Et
537 3144 645 3208 Christi
669 3149 817 3214 viearinm.

477 3230 557 3292 Lara
585 3242 612 3292 et
635 3250 726 3313 regna
748 3232 990 3313 Christianorum,

476 3315 638 3377 Potestates
660 3317 833 3396 populorum

475 3399 630 3460 Deiretiare
650 3402 792 3465 ambiunt.

475 3482 532 3541 iarn
549 3503 624 3549 nune
636 3486 746 3562 edoma,
766 3487 824 3547 iarn
839 3507 915 3549 nuno
929 3509 991 3568 ora,

473 3565 638 3642 Depreeore
660 3569 724 3629 sine
747 3589 829 3630 rnoru

474 3647 580 3708 Sourta
602 3649 657 3708 Dei
680 3653 812 3720 ecelesia.

473 3732 604 3809 Tempus
628 3734 729 3810 instat,
752 3736 825 3813 vigit
846 3746 922 3816 esto,

472 3816 637 3893 Deprerare-
656 3821 741 3877 eorde
764 3830 875 3880 maesto

471 3901 674 3961 Redemtorem
697 3903 835 3964 omnium.

472 3982 527 4057 ttoni
552 3984 720 4046 testinata
743 3987 869 4066 pereatis

471 4070 507 4128 m
529 4070 649 4129 rertemit
668 4091 732 4132 enm
755 4071 866 4133 renatis

390 4196 400 4207 .
430 4226 437 4239 x
469 4153 528 4212 Suo
552 4174 619 4214 raro
641 4156 799 4236 sangnine3

468 4237 523 4307 (pini
548 4239 652 4299 ini'erni
675 4252 772 4319 portas
794 4241 884 4318 fregit
941 4310 946 4319 ,

438 4395 442 4405 x
466 4320 502 4378 Et
528 4335 674 4397 perentam
698 4327 754 4385 inm
777 4327 893 4406 subegit

383 4462 387 4471 ,
465 4403 503 4461 Ut
527 4419 552 4463 to
574 4408 686 4469 sairam
707 4413 829 4471 inerret:

466 4487 522 4557 tini
547 4488 574 4545 in
597 4490 682 4552 Petro
705 4506 815 4572 petram
837 4497 941 4559 douram

465 4568 509 4628 't'u
532 4573 661 4634 suudueit
683 4596 903 4654 permansuram
948 4632 958 4645 ,

1008 823 1012 839 ¹
1045 868 1105 948 ipsi
1128 865 1184 932 soii
1204 864 1366 948 rrppttrse
1441 858 1443 862 ’

1045 954 1233 1016 Perserutttre
1256 960 1285 1012 et
1307 949 1508 1032 interpellare,

1045 1039 1191 1115 Quantum
1202 1037 1311 1116 possis
1330 1038 1498 1114 resudare,

1045 1124 1129 1200 Quod
1150 1139 1296 1200 nunquam
1317 1118 1447 1184 deficies.
1535 1200 1537 1203 Ι

955 1227 958 1231 ·
1043 1208 1142 1270 Vestis
1163 1206 1272 1267 Christi
1295 1204 1338 1266 sio
1359 1207 1464 1268 sortitu

1045 1293 1145 1372 Neque
1167 1292 1260 1352 reisue
1281 1310 1336 1352 neo
1359 1290 1519 1372 irrepurtita

1043 1377 1113 1438 Fuit
1134 1375 1350 1440 inconsutilis..
1539 1378 1544 1387 '

971 1463 973 1468 '
1044 1462 1127 1536 Quiete
1140 1459 1310 1522 ¹ltaaretieou
1332 1459 1491 1540 prostravit

1043 1546 1081 1607 Et
1101 1543 1305 1606 sehismatioos
1324 1541 1476 1628 damnarit
1533 1599 1535 1604 .

1043 1629 1111 1691 voto
1134 1630 1208 1708 quod
1230 1628 1288 1689 seis
1309 1641 1461 1708 perpetua.

1043 1717 1148 1776 Maras
1169 1724 1233 1774 tuas
1254 1714 1344 1774 t'ortes
1367 1714 1454 1789 feeit,
1518 1753 1520 1758 -

1043 1798 1283 1876 Septematrus
1306 1797 1335 1857 iu
1359 1810 1386 1858 te
1407 1797 1476 1858 ierit

1043 1882 1216 1950 Sanetornm
1239 1882 1397 1961 martyrius

968 1995 971 2002 ·
1042 1966 1074 2027 Si
1096 1967 1171 2027 fideii
1194 1976 1221 2026 et
1243 1968 1346 2026 devota
1431 1985 1434 1993 '

1042 2051 1228 2132 Supplieairis
1249 2061 1344 2112 mente
1368 2059 1429 2112 tota

1041 2135 1177 2198 Christus
1197 2146 1224 2195 te
1246 2134 1391 2201 exaudiet,
1438 2129 1441 2138 ¹

1040 2221 1105 2282 Noa
1127 2220 1189 2282 ιιιΙι
1211 2233 1331 2278 mortem
1354 2229 1533 2299 per-ratarum

1038 2304 1096 2365 Sed
1118 2313 1216 2364 reatus
1236 2304 1441 2366 deletrhorunt

1039 2389 1112 2450 Vere
1135 2388 1351 2469 poenitentium.
1421 2458 1424 2464 .

1037 2473 1145 2534 Omnes
1167 2472 1214 2551 qni
1239 2473 1267 2533 iu
1289 2493 1359 2534 eum
1378 2471 1497 2533 eredunt

1036 2558 1074 2618 Et
1095 2559 1132 2617 air
1155 2556 1239 2617 idolis
1261 2558 1398 2617 recedunt

1038 2643 1131 2704 Errrnt
1151 2641 1203 2703 titii
1227 2636 1352 2702 tiberne:
1400 2693 1403 2699 .

1037 2728 1183 2806 Quotquot
1205 2747 1272 2787 uero
1294 2726 1496 2787 Mahometum

1037 2811 1097 2872 iarn
1118 2824 1264 2872 sectantur
1286 2811 1491 2872 indiscretum

1035 2896 1149 2976 Deiebit
1170 2896 1384 2965 exterminatio.

1036 2981 1100 3041 iesu
1123 2981 1214 3056 done,
1236 2981 1299 3040 lesa
1323 2980 1388 3060 pie,

1035 3065 1140 3126 Preees
1161 3078 1276 3125 nostras
1299 3064 1328 3126 in
1351 3068 1408 3127 irae
1429 3065 1475 3126 die

1034 3150 1116 3225 Quas
1137 3149 1282 3210 [tradimus
1303 3149 1421 3210 exaudit
1512 3218 1514 3223 Ι

1033 3232 1080 3294 'l'n
1104 3233 1152 3313 qrri
1175 3246 1271 3312 potes,
1293 3244 1322 3294 tu
1344 3235 1392 3312 qrri
1417 3234 1499 3297 vales

1033 3319 1225 3379 Arinersarios
1247 3316 1330 3378 notris
1351 3320 1468 3398 hostes,

1033 3403 1080 3463 Tu
1104 3416 1235 3479 euertere,
1260 3414 1288 3463 tn
1311 3405 1481 3483 romprime.

1034 3488 1104 3548 Vide
1125 3489 1278 3548 erotesianr
1301 3489 1501 3567 profanatam,

1032 3572 1133 3632 Fidem
1157 3583 1233 3631 tuam
1255 3573 1468 3650 eorrrnieatam,

1009 3661 1012 3667 '
1032 3657 1096 3718 Nisi
1119 3659 1243 3734 desuper
1263 3656 1400 3717 artiores:

1032 3742 1078 3801 'l'n
1102 3762 1139 3800 ox
1161 3740 1219 3800 aito
1240 3742 1320 3799 mitte
1343 3760 1478 3819 munitm,

1030 3825 1115 3885 Hune
1131 3826 1265 3884 rebeliem
1274 3872 1284 3901 ‚
1300 3825 1376 3884 hune
1391 3829 1543 3904 profanum

1030 3909 1136 3968 Canem
1159 3911 1287 3968 'Poteram
1311 3910 1446 3990 peningo.

1028 3992 1199 4054 Dorninator
1220 4013 1252 4053 es
1273 4004 1441 4056 euenturum
1462 4054 1466 4061 ,

1028 4077 1155 4154 Terrae,
1178 4078 1287 4152 maris,
1309 4086 1363 4138 'rex
1386 4081 1532 4143 raedorum

1027 4161 1095 4220 Tua
1117 4173 1158 4221 ost
1181 4163 1317 4240 potentia.

1026 4244 1096 4327 Sine
1118 4257 1144 4304 te
1166 4246 1238 4306 nihii
1261 4248 1409 4321 vatemus,

1028 4330 1086 4387 Neo
1109 4331 1242 4390 resistere
1264 4350 1419 4409 possamus
1470 4397 1472 4400 ,

1024 4412 1094 4471 Sine
1118 4425 1165 4472 tna
1185 4415 1342 4494 srrttrngto:

1022 4498 1103 4574 Ergo
1125 4501 1229 4558 oxarrdi
1250 4519 1304 4560 nos
1326 4503 1483 4566 elementer
1505 4504 1507 4509 ’

1021 4583 1085 4644 lesu
1109 4584 1155 4665 piu
1179 4595 1215 4648 et·
1229 4594 1358 4663 potenter
1441 4576 1443 4585 ¹
