3750 5400
952 680 1050 753 lun
1114 718 1166 774 „s

472 855 554 917 nardi
574 854 709 934 operibus
730 855 765 914 ad
788 854 899 916 cantica
919 856 955 914 de
977 856 1114 934 passione
1126 854 1242 916 Domini
1265 856 1454 917 describenda
1467 877 1532 937 per·

472 940 613 1015 venisset,
647 957 763 999 carmen
785 939 819 999 de
842 940 1041 1019 compassione
1061 940 1175 1000 Mariae
1197 941 1382 1019 desiderans,
1415 941 1535 1001 notissi-

471 1034 548 1087 mum
568 1023 690 1084 Prusam
709 1023 829 1103 reliquis
847 1023 1022 1087 carminibus
1041 1025 1188 1087 adiunxit:
1209 1044 1262 1085 uec
1284 1025 1406 1086 multum
1426 1044 1447 1088 a
1464 1046 1533 1087 vero

470 1106 630 1173 aberrabis.

390 1263 393 1268 Δ
553 1194 637 1269 Quod
653 1190 758 1252 *attinet
772 1193 806 1253 ud
824 1212 908 1253 usnm
924 1190 1158 1270 ecclesiasticum,
1179 1190 1238 1253 iam
1254 1210 1345 1271 supra
1367 1192 1535 1253 monuimus

469 1280 591 1342 Prosam
613 1296 650 1337 ex
672 1275 754 1337 libris
776 1276 892 1338 Ordinis
920 1278 1068 1337 Minorem
1098 1276 1241 1355 migrasse
1268 1279 1303 1337 ad
1332 1277 1409 1339 alias
1439 1278 1536 1338 oocle-
1572 1344 1578 1355 ι

398 1429 401 1446 1
469 1364 539 1426 sias„
583 1361 616 1422 lu
644 1360 800 1424 Germania
829 1380 904 1422 saec.
927 1362 1003 1423 xlv.
1025 1372 1052 1421 ct
1074 1362 1136 1422 XV.
1157 1362 1332 1441 divulgatior
1355 1371 1417 1428 erat
1446 1382 1535 1442 quam

469 1446 627 1529 Sequentia
662 1446 811 1506 Thumue:
862 1446 1000 1506 omittitur
1034 1456 1128 1505 tanuen
1162 1446 1190 1505 iu
1222 1446 1535 1525 permultisMissali-

468 1536 533 1607 bus,
552 1530 731 1592 desideratur
745 1530 773 1590 in
788 1529 869 1590 libris
883 1530 1016 1607 adelphi,
1039 1529 1214 1607 Torrentini,
1235 1530 1422 1591 Clicbtevaei.
1444 1531 1535 1591 Errat

468 1615 543 1678 enim
557 1614 737 1691 Muhuikins,
751 1614 859 1692 dicens,
875 1633 991 1691 prosam
1004 1613 1107 1691 ubique
1123 1612 1215 1674 locum
1230 1616 1365 1675 habuisse
1380 1614 1409 1674 iu
1425 1615 1534 1675 officiis

466 1706 502 1762 do
523 1699 722 1778 compassione
742 1697 872 1771 Mariae,
901 1716 973 1776 equae
996 1699 1025 1758 in
1047 1696 1180 1759 omuibus
1199 1700 1261 1758 fero
1275 1699 1405 1759 ecelesiis
1418 1717 1534 1778 pange-

400 1809 409 1825 ·
467 1788 581 1847 bantur.
630 1781 697 1862 (ct.
722 1801 795 1860 qnae
816 1784 1016 1842 adnotavimus
1039 1783 1124 1859 Tum,
1148 1782 1169 1843 l.
1192 1805 1219 1862 p.
1240 1782 1344 1857 302q„
1373 1783 1449 1844 Nam
1477 1784 1531 1843 alii

466 1870 497 1929 in
525 1866 618 1930 officio
647 1866 805 1925 moestitiae
827 1865 1011 1944 Sequentiam
1032 1886 1090 1926 trun
1115 1867 1310 1941 admiserunt,
1338 1866 1390 1926 alii
1411 1867 1472 1928 alia
1495 1869 1532 1927 do

466 1962 558 2014 matre
586 1949 721 2010 dolorosa
747 1949 877 2010 carmina
905 1960 1084 2028 receperunt.
1141 1951 1237 2029 ltaque
1267 1951 1383 2010 saeculo
1412 1953 1533 2012 demtum

466 2036 576 2096 decimo
598 2043 681 2093 sexto
703 2052 737 2093 uo
759 2035 881 2113 septimo
909 2054 962 2111 per
982 2044 1069 2095 totam
1089 2035 1239 2095 ecelesiam
1259 2034 1421 2095 Romanam
1444 2055 1533 2114 spar-

465 2138 500 2183 sa
528 2128 581 2179 ost.
631 2119 715 2180 Nune
741 2118 771 2182 iti
799 2119 978 2179 dioecesibus
1016 2120 1149 2179 omuibus
1176 2118 1337 2179 celebratur
1363 2118 1451 2180 Feria
1479 2120 1533 2183 Vl.

376 2237 381 2252 ·
466 2214 531 2285 post
560 2202 656 2264 ludica
684 2204 803 2264 Festum
837 2204 954 2281 Septem
981 2202 1122 2264 Dolorem
1150 2203 1255 2263 Beata'e
1284 2201 1399 2263 Mariae
1427 2202 1533 2283 Virgi-

464 2288 512 2350 nis
525 2286 569 2370 li),
592 2290 675 2367 eiquo
690 2287 836 2347 festivitati
859 2287 978 2354 inservit
1000 2297 1101 2348 cantus
1116 2288 1246 2365 lacopoui
1268 2319 1311 2333 -
1331 2290 1404 2366 quod
1418 2309 1534 2349 memo·

464 2383 528 2435 ratu
558 2391 628 2433 saue
656 2371 857 2451 dignissimum
880 2381 923 2431 cst
951 2392 1004 2431 noe
1025 2371 1150 2450 amplius
1172 2372 1201 2432 iu
1225 2370 1327 2433 officiis
1349 2372 1532 2434 ecelesiasti-

464 2457 518 2518 eiis
536 2456 659 2518 occurrit
679 2489 721 2501 -
742 2464 770 2515 ot
792 2456 822 2515 in
845 2454 940 2516 Missa
961 2466 989 2515 ot
1008 2454 1039 2516 iu
1062 2455 1198 2533 vesperis
1221 2474 1256 2514 ao
1269 2455 1427 2523 Laudibus.
1468 2456 1531 2517 De-

463 2543 570 2604 tiuetur
582 2538 664 2618 quasi
687 2539 809 2601 ccclesia
828 2539 934 2600 sanetis
953 2540 1062 2601 Prosae
1080 2539 1241 2617 illecebris,
1262 2540 1303 2606 ita
1324 2538 1354 2601 u't
1375 2560 1532 2603 concesse·

465 2628 504 2689 rit
531 2626 603 2707 quod
632 2641 789 2702 numquam
819 2624 976 2698 concessit,
1005 2626 1081 2684 idom
1109 2644 1226 2684 carmen
1248 2634 1275 2684 et
1302 2624 1476 2704 sequentiae
1500 2636 1531 2685 et

358 2781 361 2788 ,
463 2711 563 2794 hymni
593 2709 654 2770 vice
681 2707 775 2787 fungi.
847 2707 879 2767 lu
907 2707 1056 2768 uuuuullis
1090 2707 1271 2779 calendariis
1306 2719 1335 2769 ot
1369 2711 1531 2772 monacho-

463 2817 529 2860 rum
557 2786 777 2883 et'dioqcesium
798 2793 951 2853 secundnm
973 2792 1088 2868 ponitur
1113 2793 1219 2851 festum
1240 2795 1274 2854 de
1296 2793 1414 2873 Septem
1435 2792 1530 2854 Dole-

462 2902 528 2943 rum
551 2879 584 2940 Β.
608 2883 646 2941 V.
666 2877 749 2938 tortia
772 2875 922 2936 Dominica
943 2873 1122 2954 Septembris
1150 2875 1238 2954 (quod
1267 2878 1446 2954 superfluum
1473 2879 1530 2938 du-

462 2964 571 3036 xerim)
606 2959 697 3040 neque
725 2961 773 3022 hio
802 2959 897 3021 Missa
932 2958 986 3018 rite
1016 2967 1108 3037 potest
1135 2958 1275 3018 celebrari
1303 2958 1360 3020 nisi
1389 2961 1477 3022 docus
1500 2971 1530 3023 et

448 3048 645 3130 splendorem
674 3047 739 3106 festi
767 3043 882 3105 auxerit
910 3043 1079 3122 lacoponuq.
1100 3039 1150 3114 nr)
1194 3042 1325 3105 Tandem
1348 3044 1403 3104 bue
1421 3064 1528 3104 moue-

462 3142 577 3196 merset
599 3131 627 3190 in
657 3129 729 3209 ipsis
750 3128 888 3190 ecelesiae
918 3127 1001 3188 libris
1021 3127 1168 3188 hodiernis
1191 3127 1363 3208 scripturam
1385 3129 1529 3192 carminis

462 3217 616 3297 aliquoties
637 3214 783 3275 fluctuare.

566 3301 651 3360 Tam·
662 3299 787 3376 insignis
802 3297 958 3374 Sequentia
979 3292 1111 3357 omuibus
1133 3294 1310 3374 temporibus
1323 3294 1464 3357 allexisso
1478 3295 1527 3356 in-

313 3442 316 3453 ,
369 3431 373 3441 ,
463 3394 620 3462 torquatos,
643 3382 691 3461 qui
711 3381 1019 3442 verrneulesermoue
1042 3379 1120 3458 genti
1151 3399 1221 3440 surae
1248 3379 1429 3456 praeclarum
1460 3401 1527 3441 car-

322 3533 358 3544 „.
464 3488 529 3529 mon
557 3468 735 3527 innotescere
761 3464 917 3538 voluerint,
954 3463 1040 3523 facile
1071 3465 1169 3524 estad
1197 3462 1425 3540 intelligendum.
1473 3465 1525 3526 Ex

387 3584 392 3592 ·
460 3550 670 3613 Germanorum
694 3548 929 3609 translationibus
956 3547 1178 3607 vetustissimam
1208 3548 1340 3607 monachi
1370 3549 1524 3610 Salisbur-

462 3633 562 3714 qedsis
576 3634 635 3692 iarn
656 3651 745 3710 snpra
758 3630 1060 3692 commemoravimus:
1083 3631 1212 3708 sequitur
1224 3632 1282 3692 alia
1295 3632 1402 3693 saeculi
1417 3634 1523 3699 docimi

462 3718 552 3797 quinti
581 3716 627 3777 vel
657 3716 748 3787 sexti,
779 3717 813 3773 do
837 3734 892 3793 qna
920 3716 994 3774 hace
1021 3713 1107 3774 habet
1134 3714 1255 3780 Lisco.
1295 3715 1393 3792 „Hier
1412 3715 1450 3776 ist
1470 3719 1524 3778 der

460 3800 597 3863 Abdruck
618 3817 711 3876 goutte
729 3817 761 3858 so
783 3800 922 3876 gegeben,
946 3798 1044 3857 nicer
1060 3797 1104 3855 bei
1126 3797 1313 3871 Riederor
1333 3801 1407 3868 (Joh.
1421 3803 1523 3878 Barth,

459 3886 512 3950 Dr.
534 3886 589 3945 und
619 3883 771 3943 Professor
795 3883 845 3940 der
864 3880 1043 3959 Theologie,
1067 3880 1220 3947 Diakouus
1243 3882 1272 3943 iu
1293 3882 1426 3965 Altdorf)
1455 3885 1520 3946 sich

470 4017 775 4035 ..--—-—-—-—-·--

526 4100 556 4168 *)
574 4102 650 4153 Miss.
676 4103 770 4151 Rom-t
796 4099 824 4149 Si
847 4101 898 4151 hoc
921 4101 1017 4152 festum
1042 4106 1156 4152 occurrit
1181 4123 1239 4153 eum
1259 4103 1313 4153 alio
1337 4102 1439 4170 duplici
1458 4107 1521 4172 pri-

460 4191 519 4222 mae
536 4172 579 4222 vel
598 4170 729 4222 secundae
756 4167 862 4229 classis,
886 4171 1043 4220 transfertur
1067 4170 1101 4219 ad
1122 4170 1266 4220 Sabbatum
1291 4189 1421 4237 sequens:
1444 4174 1520 4239 quod

461 4244 495 4290 sit
524 4240 680 4306 impeditum
713 4237 765 4287 alio
792 4236 860 4285 sesto
886 4236 988 4286 Novom
1011 4241 1171 4288 Lectionum
1197 4240 1245 4290 illo
1278 4257 1347 4289 anno
1380 4242 1520 4290 omittatur

461 4320 488 4359 ot
504 4326 640 4372 nunquam
658 4305 829 4356 transferatur
847 4303 880 4353 ad
899 4315 1003 4371 tempus
1021 4307 1158 4356 Paschele.

527 4376 576 4441 il)
594 4379 621 4425 ln
644 4376 723 4424 lloris
742 4374 876 4422 canonicis
889 4372 966 4422 huius
985 4373 1138 4425 festivitatis
1156 4375 1248 4442 hynuni
1264 4374 1318 4424 fero
1338 4375 1437 4442 ubique
1456 4387 1520 4424 sunt

459 4446 571 4510 proprii.
609 4442 704 4493 Officia
722 4441 878 4502 Linceusia,
904 4441 1054 4505 quaemihi
1079 4442 1112 4490 ad
1136 4461 1241 4490 niarium
1264 4454 1325 4492 sunt
1343 4441 1430 4505 (anno
1452 4443 1519 4493 1837

460 4509 547 4576 edita)
565 4509 631 4561 duos
650 4510 791 4560 exhibent:
825 4510 890 4556 lum
913 4519 988 4560 toto
1007 4509 1141 4558 subitus
1160 4527 1288 4576 vesper
1307 4522 1362 4560 eat
1386 4512 1471 4576 polo
1490 4524 1517 4562 ot

460 4578 612 4629 Summae
629 4579 723 4637 Deus
740 4577 966 4647 elementiae,
991 4578 1147 4628 Moestus
1165 4579 1497 4646 dolorosvirginis.
