3750 5400
934 704 1036 777 '1⁸⁰

915 890 1064 958 cnxvl.
1138 920 1143 928 ·

779 1036 834 1098 De
861 1033 920 1101 sS.
952 1031 1191 1099 Innooeotibus.

421 1177 424 1185 ·
464 1143 470 1159 ’
506 1161 549 1220 ’1.
591 1156 671 1216 Laus
692 1153 760 1231 tibi,
783 1152 916 1231 Christe,
1266 1213 1272 1220 ,
1319 1223 1321 1228 ,

515 1258 552 1334 42.
597 1256 651 1317 cot
673 1254 749 1335 sapit
770 1256 843 1335 quod
866 1256 978 1318 ridetur
999 1254 1103 1317 ceteris
1124 1272 1188 1315 esse
1210 1253 1406 1315 surdastrum:

520 1357 550 1421 3.
593 1356 750 1419 Famulatu
769 1353 851 1418 cuins
867 1358 969 1426 xomnis
990 1356 1124 1438 competit
1143 1377 1232 1420 sextus
1253 1366 1282 1416 et
1302 1366 1390 1416 aetas.

520 1459 551 1521 4.
594 1460 737 1521 Recentes
751 1467 835 1539 atque
856 1458 947 1519 teneri
971 1458 1094 1537 milites,
1112 1457 1277 1519 Herodiano
1290 1477 1358 1518 ense
1380 1454 1529 1530 trucidati,

298 1583 306 1622 ·.
360 1611 362 1615 ¹
460 1554 487 1604 te
508 1542 592 1606 lrodio
614 1544 861 1623 praedicaverunt.
936 1610 941 1620 ,

522 1648 552 1707 5.
596 1644 678 1705 Licet
703 1645 824 1706 necdum
852 1635 1004 1726 potuerunt
1032 1642 1161 1723 lingula,
1196 1642 1335 1705 allusione
1371 1649 1469 1701 tamen
1499 1650 1527 1698 te

363 1803 370 1816 .
460 1726 577 1789 Christe
597 1728 644 1789 sui
665 1727 817 1811 sanguinis
840 1728 1006 1810 praeconati
1027 1738 1103 1792 narrt.

525 1830 555 1894 6.
583 1817 659 1891 'Lac
679 1848 745 1890 cum
767 1849 869 1891 cruore
890 1831 1042 1893 fundentes
1063 1830 1098 1891 ad
1120 1829 1215 1890 Deum
1237 1824 1426 1887 clamitatori:

380 1991 385 2006 ,
430 1995 434 2012 ,
524 1930 554 1991 7.
598 1928 663 1990 Uda
684 1929 787 2011 pnpilli
808 1952 892 2011 quem
914 1950 992 2011 gena
1012 1931 1129 1993 miseret
1149 1940 1176 1991 et
1195 1926 1364 1989 innocentis.

319 2031 322 2036 ’
372 2039 377 2049 ’
412 2067 414 2072 -
523 2034 553 2096 8.
598 2029 672 2107 Quis
694 2030 868 2094 athletarum
890 2032 1067 2095 fortissimus
1088 2028 1401 2113 nnqnam'exercitilrns
1416 2035 1528 2088 tantam

461 2115 579 2181 Clrriste
601 2115 664 2178 suis
686 2116 806 2177 contulit
827 2117 994 2196 uictoriam,
1064 2187 1066 2193 ¹

527 2218 558 2279 9.
600 2217 745 2292 Quantam
758 2217 880 2295 vagiens
902 2219 1049 2279 coaevulis
1070 2218 1127 2279 tuis
1148 2229 1178 2278 tn
1201 2213 1386 2298 praestitisti,
1409 2213 1530 2275 mittens

467 2322 516 2363 eos
539 2300 619 2361 coelo
640 2310 813 2378 regnaturos
835 2302 987 2382 perpetim.

507 2402 556 2466 lo.
599 2400 624 2465 Ο
646 2400 756 2463 Christi
786 2417 942 2481 praecones
965 2392 1038 2466 clari
1058 2404 1201 2482 doresque
1223 2409 1382 2483 martyrum
1403 2401 1529 2477 corusci,

510 2506 559 2565 11.
602 2503 640 2564 Et
661 2493 876 2566 Conlessorum¹
891 2504 1023 2587 insignes
1044 2505 1207 2586 gemmulae
1229 2513 1410 2581 sanctorum,

384 2590 391 2630 ³
433 2599 447 2660 ξ
510 2604 559 2668 12.
582 2609 695 2684 ¹Atque
716 2604 859 2669 sterilium
881 2606 912 2667 in
931 2609 1037 2670 mondo
1058 2605 1220 2685 virginum:

508 2706 558 2768 13.
601 2704 681 2767 Glari
702 2704 806 2782 lilioli,
825 2708 925 2771 dulces
937 2703 1070 2791 *pusiola
1090 2727 1145 2769 nos
1165 2707 1264 2770 iuvate
1286 2707 1436 2788 precibus:

451 2858 456 2867 .
512 2807 561 2869 14.
603 2807 685 2883 Quos
707 2806 841 2870 Clrristus
877 2810 1058 2873 innocentem
1079 2817 1200 2872 mortem
1222 2819 1347 2872 vestram
1365 2810 1510 2871 miserans

425 2988 431 2998 „
512 2911 561 2970 15.
604 2906 661 2967 Pro
684 2928 748 2970 sose
769 2912 959 2989 maturatam,
981 2910 1112 2990 placidus
1133 2909 1293 2974 exaudiens

511 3011 560 3073 16.
603 3009 663 3071 Nos
685 3030 776 3091 regno
804 3033 857 3076 suo
885 3012 1030 3094 dignetur.

556 3259 697 3325 Conferas
719 3285 784 3328 enm
805 3266 861 3329 hoc
882 3268 1026 3347 carmine,
1047 3266 1077 3328 in
1093 3266 1264 3347 quibusdam
1283 3265 1462 3329 solummodo
1484 3285 1534 3326 eo-

364 3416 367 3421 ,
472 3346 570 3410 clesiis
587 3348 617 3408 in
640 3346 779 3413 honorem
800 3350 857 3416 SS.
878 3353 1062 3414 innocentum
1083 3351 1219 3431 recitato,
1246 3350 1435 3430 sequentiam-
1459 3351 1534 3412 Not-

454 3430 554 3493 'kerir
574 3432 672 3494 Laus
693 3433 767 3496 tibi
788 3435 940 3500 Christe
961 3438 1085 3518 pairis
1114 3436 1210 3516 (Vl.):
1237 3454 1305 3497 nam
1332 3436 1408 3497 hano
1429 3436 1532 3495 erelrro

473 3516 546 3596 pede
575 3515 668 3595 tetigit
695 3525 791 3598 poeta.
818 3557 860 3569 -
895 3525 924 3588 5.
954 3519 1018 3583 cot.
1044 3541 1116 3582 non
1145 3523 1347 3600 potuerint.
1402 3517 1534 3580 Colleota
1579 3574 1581 3579 .

476 3598 630 3659 ecclesiae:
656 3612 726 3660 Deua
755 3617 826 3665 cuiue
852 3617 977 3666 hodierna
1001 3618 1043 3666 die
1063 3618 1226 3684 praeconium
1245 3619 1386 3667 innocentes
1409 3634 1534 3688 martyreo

476 3711 525 3741 non
548 3690 669 3756 loquendo
692 3693 736 3738 aed
761 3698 887 3747 moriendo
919 3696 1030 3766 confessi
1058 3710 1125 3748 sunt.
1169 3689 1198 3751 6.
1228 3688 1290 3755 Md,
1310 3690 1533 3755 clamitave-

475 3770 571 3822 runt.
627 3761 657 3822 9.
687 3760 741 3822 Ad.
770 3767 858 3831 Torr.
888 3778 1065 3847 quantum
1092 3803 1133 3815 —
1162 3773 1277 3836 coelo.
1333 3777 1382 3837 ll.
1409 3779 1534 3857 August.

474 3845 578 3907 Sermo
598 3845 632 3905 de
645 3843 741 3905 lnnod·
773 3860 824 3920 Oui
846 3863 900 3909 iure
916 3863 1036 3912 dicuntur
1048 3861 1128 3932 flores
1153 3884 1212 3929 qnos
1229 3869 1256 3916 in
1274 3870 1355 3918 medio
1366 3869 1473 3940 frigore
1489 3876 1533 3924 in-

473 3931 613 3998 fidelitatis
633 3943 732 3981 exortos
750 3931 818 3982 velut
834 3935 932 4000 primas
949 3939 1100 4005 erurnperetie
1110 3937 1231 3990 ecclesiae
1244 3959 1362 4009 gemmae
1376 3952 1534 4012 persecurum·

476 4004 515 4050 nis
530 4003 616 4069 pru'nra
634 4001 743 4050 decoxit·

629 4240 793 4307 CLXVIL
837 4250 880 4312 In
911 4251 1142 4318 Transieram
1168 4258 1203 4321 S.
1227 4259 1386 4326 Murrina

559 4383 619 4444 Nos
641 4384 708 4446 audi
731 4394 780 4448 tua
801 4388 875 4452 lesta
896 4389 1023 4452 colentes
1042 4410 1139 4456 annua
1161 4396 1265 4458 mundo
1288 4399 1413 4465 celebria
1434 4414 1488 4468 etc.

931 4538 1077 4554 ῃ...
