<?xml version="1.0" encoding="UTF-8"?>
<!DOCTYPE html PUBLIC "-//W3C//DTD XHTML 1.0 Transitional//EN"
    "http://www.w3.org/TR/xhtml1/DTD/xhtml1-transitional.dtd">
<html xmlns="http://www.w3.org/1999/xhtml" xml:lang="en" lang="en">
 <head>
  <title>
</title>
<meta http-equiv="Content-Type" content="text/html;charset=utf-8" />
  <meta name='ocr-system' content='tesseract 3.04.00' />
  <meta name='ocr-capabilities' content='ocr_page ocr_carea ocr_par ocr_line ocrx_word'/>
</head>
<body>
  <div class='ocr_page' id='page_1' title='image "./thesaurushymnol02danigoog/thesaurushymnol02danigoog_0098.png"; bbox 0 0 3750 5400; ppageno 0'>
   <div class='ocr_carea' id='block_1_1' title="bbox 908 701 970 774">
    <p class='ocr_par' dir='ltr' id='par_1_1' title="bbox 908 701 970 774">
     <span class='ocr_line' id='line_1_1' title="bbox 908 701 970 774; baseline 0.016 -1"><span class='ocrx_word' id='word_1_1' title='bbox 908 701 970 774; x_wconf 72' lang='lat' dir='ltr'><strong>&#39;1ss</strong></span> 
     </span>
    </p>
   </div>
   <div class='ocr_carea' id='block_1_2' title="bbox 663 867 1448 1096">
    <p class='ocr_par' dir='ltr' id='par_1_2' title="bbox 663 867 1448 1096">
     <span class='ocr_line' id='line_1_2' title="bbox 721 867 1448 998; baseline 0.01 -46"><span class='ocrx_word' id='word_1_2' title='bbox 721 886 825 998; x_wconf 77' lang='lat' dir='ltr'><strong>xor.</strong></span> <span class='ocrx_word' id='word_1_3' title='bbox 873 893 928 958; x_wconf 65' lang='lat' dir='ltr'><strong>ne</strong></span> <span class='ocrx_word' id='word_1_4' title='bbox 948 894 985 958; x_wconf 82' lang='lat' dir='ltr'><strong>s.</strong></span> <span class='ocrx_word' id='word_1_5' title='bbox 1005 867 1165 984; x_wconf 58' lang='lat' dir='ltr'><strong>demum</strong></span> <span class='ocrx_word' id='word_1_6' title='bbox 1219 917 1267 963; x_wconf 85' lang='grc'><strong>,-</strong></span> <span class='ocrx_word' id='word_1_7' title='bbox 1350 907 1353 914; x_wconf 95' lang='grc'><strong><em>·</em></strong></span> <span class='ocrx_word' id='word_1_8' title='bbox 1440 905 1448 914; x_wconf 94' lang='grc'><strong><em>·</em></strong></span> 
     </span>
     <span class='ocr_line' id='line_1_3' title="bbox 663 1012 1198 1096; baseline -0.006 -15"><span class='ocrx_word' id='word_1_9' title='bbox 663 1012 885 1096; x_wconf 64' lang='lat' dir='ltr'><strong>congaudentes</strong></span> <span class='ocrx_word' id='word_1_10' title='bbox 912 1014 1078 1078; x_wconf 84' lang='lat' dir='ltr'><strong>exultemus</strong></span> <span class='ocrx_word' id='word_1_11' title='bbox 1105 1023 1158 1081; x_wconf 80' lang='lat' dir='ltr'><strong>eto.</strong></span> <span class='ocrx_word' id='word_1_12' title='bbox 1196 1013 1198 1018; x_wconf 75' lang='grc'><strong>’</strong></span> 
     </span>
    </p>
   </div>
   <div class='ocr_carea' id='block_1_3' title="bbox 779 1163 1092 1181">
    <p class='ocr_par' dir='ltr' id='par_1_3' title="bbox 779 1163 1092 1181">
     <span class='ocr_line' id='line_1_4' title="bbox 779 1163 1092 1181; baseline 0.003 -1"><span class='ocrx_word' id='word_1_13' title='bbox 779 1163 1092 1181; x_wconf 64' lang='grc' dir='ltr'><strong>ιυὰιυ-ο--υ--ι--οκ-</strong></span> 
     </span>
    </p>
   </div>
   <div class='ocr_carea' id='block_1_4' title="bbox 878 1294 998 1364">
    <p class='ocr_par' dir='ltr' id='par_1_4' title="bbox 878 1294 998 1364">
     <span class='ocr_line' id='line_1_5' title="bbox 878 1294 998 1364; baseline -0.042 0"><span class='ocrx_word' id='word_1_14' title='bbox 878 1294 998 1364; x_wconf 75' lang='grc' dir='ltr'><strong>ΧΟῊ.</strong></span> 
     </span>
    </p>
   </div>
   <div class='ocr_carea' id='block_1_5' title="bbox 791 1437 1073 1519">
    <p class='ocr_par' dir='ltr' id='par_1_5' title="bbox 791 1437 1073 1519">
     <span class='ocr_line' id='line_1_6' title="bbox 791 1437 1073 1519; baseline 0.004 -17"><span class='ocrx_word' id='word_1_15' title='bbox 791 1437 847 1502; x_wconf 84' lang='lat' dir='ltr'><strong>De</strong></span> <span class='ocrx_word' id='word_1_16' title='bbox 871 1437 906 1503; x_wconf 88' lang='lat' dir='ltr'><strong>S.</strong></span> <span class='ocrx_word' id='word_1_17' title='bbox 925 1438 1073 1519; x_wconf 66' lang='lat' dir='ltr'><strong>Agma.</strong></span> 
     </span>
    </p>
   </div>
   <div class='ocr_carea' id='block_1_6' title="bbox 339 1554 1388 1805">
    <p class='ocr_par' dir='ltr' id='par_1_6' title="bbox 339 1554 1388 1805">
     <span class='ocr_line' id='line_1_7' title="bbox 407 1554 1307 1637; baseline -0.007 -16"><span class='ocrx_word' id='word_1_18' title='bbox 407 1558 436 1621; x_wconf 88' lang='lat'><strong>1.</strong></span> <span class='ocrx_word' id='word_1_19' title='bbox 449 1556 621 1620; x_wconf 80' lang='lat' dir='ltr'><strong>Auimemur</strong></span> <span class='ocrx_word' id='word_1_20' title='bbox 640 1555 677 1616; x_wconf 89' lang='lat' dir='ltr'><strong>ad</strong></span> <span class='ocrx_word' id='word_1_21' title='bbox 697 1572 836 1635; x_wconf 75' lang='lat' dir='ltr'><strong>agonem,</strong></span> <span class='ocrx_word' id='word_1_22' title='bbox 980 1559 1010 1623; x_wconf 76' lang='lat'><strong>5.</strong></span> <span class='ocrx_word' id='word_1_23' title='bbox 1024 1555 1139 1619; x_wconf 82' lang='lat' dir='ltr'><strong>Nudam</strong></span> <span class='ocrx_word' id='word_1_24' title='bbox 1162 1554 1307 1637; x_wconf 88' lang='lat' dir='ltr'><strong>prostituit</strong></span> 
     </span>
     <span class='ocr_line' id='line_1_8' title="bbox 446 1639 1289 1722; baseline -0.006 -16"><span class='ocrx_word' id='word_1_25' title='bbox 446 1641 621 1706; x_wconf 87' lang='lat' dir='ltr'><strong>Reeoientes</strong></span> <span class='ocrx_word' id='word_1_26' title='bbox 641 1639 807 1721; x_wconf 76' lang='lat' dir='ltr'><strong>passionem</strong></span> <span class='ocrx_word' id='word_1_27' title='bbox 1024 1640 1149 1702; x_wconf 87' lang='lat' dir='ltr'><strong>Prueses</strong></span> <span class='ocrx_word' id='word_1_28' title='bbox 1169 1640 1289 1722; x_wconf 78' lang='lat' dir='ltr'><strong>flagitiis</strong></span> 
     </span>
     <span class='ocr_line' id='line_1_9' title="bbox 339 1721 1388 1805; baseline -0.004 -18"><span class='ocrx_word' id='word_1_29' title='bbox 339 1739 343 1746; x_wconf 84' lang='lat'>&#39;</span> <span class='ocrx_word' id='word_1_30' title='bbox 447 1725 600 1787; x_wconf 83' lang='lat' dir='ltr'><strong>Gioriosne</strong></span> <span class='ocrx_word' id='word_1_31' title='bbox 621 1723 760 1805; x_wconf 80' lang='lat' dir='ltr'><strong>virginis:</strong></span> <span class='ocrx_word' id='word_1_32' title='bbox 1020 1726 1116 1801; x_wconf 81' lang='lat' dir='ltr'><strong>Quam</strong></span> <span class='ocrx_word' id='word_1_33' title='bbox 1139 1723 1273 1787; x_wconf 84' lang='lat' dir='ltr'><strong>Christus</strong></span> <span class='ocrx_word' id='word_1_34' title='bbox 1295 1721 1388 1786; x_wconf 88' lang='lat' dir='ltr'><strong>induit</strong></span> 
     </span>
    </p>
   </div>
   <div class='ocr_carea' id='block_1_7' title="bbox 313 1808 1326 1888">
    <p class='ocr_par' dir='ltr' id='par_1_7' title="bbox 313 1808 1326 1888">
     <span class='ocr_line' id='line_1_10' title="bbox 313 1808 1326 1888; baseline -0.002 -17"><span class='ocrx_word' id='word_1_35' title='bbox 313 1813 317 1818; x_wconf 83' lang='grc'><strong>’</strong></span> <span class='ocrx_word' id='word_1_36' title='bbox 447 1812 663 1871; x_wconf 81' lang='lat' dir='ltr'><strong>contrectantes</strong></span> <span class='ocrx_word' id='word_1_37' title='bbox 675 1828 790 1871; x_wconf 86' lang='lat' dir='ltr'><strong>saernm</strong></span> <span class='ocrx_word' id='word_1_38' title='bbox 802 1810 915 1888; x_wconf 87' lang='lat' dir='ltr'><strong>florem,</strong></span> <span class='ocrx_word' id='word_1_39' title='bbox 1022 1810 1180 1872; x_wconf 77' lang='lat' dir='ltr'><strong>Cumarum</strong></span> <span class='ocrx_word' id='word_1_40' title='bbox 1200 1808 1326 1871; x_wconf 75' lang='lat' dir='ltr'><strong>fimbriis</strong></span> 
     </span>
    </p>
   </div>
   <div class='ocr_carea' id='block_1_8' title="bbox 445 1885 831 2066">
    <p class='ocr_par' dir='ltr' id='par_1_8' title="bbox 445 1885 831 2066">
     <span class='ocr_line' id='line_1_11' title="bbox 445 1885 831 1974; baseline -0.003 -16"><span class='ocrx_word' id='word_1_41' title='bbox 445 1896 638 1974; x_wconf 81' lang='lat' dir='ltr'><strong>Ruspiremus</strong></span> <span class='ocrx_word' id='word_1_42' title='bbox 659 1896 695 1955; x_wconf 91' lang='lat' dir='ltr'><strong>ad</strong></span> <span class='ocrx_word' id='word_1_43' title='bbox 715 1885 831 1957; x_wconf 72' lang='lat' dir='ltr'><strong>odo&#39;rem</strong></span> 
     </span>
     <span class='ocr_line' id='line_1_12' title="bbox 445 1978 799 2066; baseline 0 -22"><span class='ocrx_word' id='word_1_44' title='bbox 445 1981 611 2066; x_wconf 79' lang='lat' dir='ltr'><strong>Respersae</strong></span> <span class='ocrx_word' id='word_1_45' title='bbox 632 1978 799 2044; x_wconf 80' lang='lat' dir='ltr'><strong>dulcedinis.</strong></span> 
     </span>
    </p>
   </div>
   <div class='ocr_carea' id='block_1_9' title="bbox 1017 1896 1342 2144">
    <p class='ocr_par' dir='ltr' id='par_1_9' title="bbox 1017 1896 1342 2144">
     <span class='ocr_line' id='line_1_13' title="bbox 1021 1896 1301 1975; baseline -0.004 -19"><span class='ocrx_word' id='word_1_46' title='bbox 1021 1896 1160 1975; x_wconf 75' lang='lat' dir='ltr'><strong>stolaque</strong></span> <span class='ocrx_word' id='word_1_47' title='bbox 1181 1896 1301 1957; x_wconf 82' lang='lat' dir='ltr'><strong>coelesti</strong></span> 
     </span>
     <span class='ocr_line' id='line_1_14' title="bbox 1017 1979 1300 2042; baseline -0.007 -1"><span class='ocrx_word' id='word_1_48' title='bbox 1017 1979 1160 2041; x_wconf 79' lang='lat' dir='ltr'><strong>Caelestis</strong></span> <span class='ocrx_word' id='word_1_49' title='bbox 1182 1981 1300 2042; x_wconf 88' lang='lat' dir='ltr'><strong>nuntius</strong></span> 
     </span>
     <span class='ocr_line' id='line_1_15' title="bbox 1018 2065 1342 2144; baseline -0.031 -14"><span class='ocrx_word' id='word_1_50' title='bbox 1018 2066 1139 2130; x_wconf 73' lang='lat' dir='ltr'><strong>assistit</strong></span> <span class='ocrx_word' id='word_1_51' title='bbox 1160 2065 1298 2144; x_wconf 84' lang='lat' dir='ltr'><strong>proprius</strong></span> <span class='ocrx_word' id='word_1_52' title='bbox 1340 2115 1342 2120; x_wconf 91' lang='lat'><strong>.</strong></span> 
     </span>
    </p>
   </div>
   <div class='ocr_carea' id='block_1_10' title="bbox 996 2149 1253 2214">
    <p class='ocr_par' dir='ltr' id='par_1_10' title="bbox 996 2149 1253 2214">
     <span class='ocr_line' id='line_1_16' title="bbox 996 2149 1253 2214; baseline 0.004 -3"><span class='ocrx_word' id='word_1_53' title='bbox 996 2149 1103 2214; x_wconf 57' lang='lat' dir='ltr'><strong>:ceno</strong></span> <span class='ocrx_word' id='word_1_54' title='bbox 1122 2149 1253 2212; x_wconf 82' lang='lat' dir='ltr'><strong>libidinis</strong></span> 
     </span>
    </p>
   </div>
   <div class='ocr_carea' id='block_1_11' title="bbox 1017 2232 1325 2385">
    <p class='ocr_par' dir='ltr' id='par_1_11' title="bbox 1017 2232 1325 2385">
     <span class='ocr_line' id='line_1_17' title="bbox 1017 2232 1325 2312; baseline -0.006 -17"><span class='ocrx_word' id='word_1_55' title='bbox 1017 2234 1067 2295; x_wconf 88' lang='lat' dir='ltr'><strong>Fit</strong></span> <span class='ocrx_word' id='word_1_56' title='bbox 1087 2234 1178 2296; x_wconf 83' lang='lat' dir='ltr'><strong>iocus·</strong></span> <span class='ocrx_word' id='word_1_57' title='bbox 1191 2232 1325 2312; x_wconf 83' lang='lat' dir='ltr'><strong>lnrninis,</strong></span> 
     </span>
     <span class='ocr_line' id='line_1_18' title="bbox 1018 2318 1320 2385; baseline -0.01 -5"><span class='ocrx_word' id='word_1_58' title='bbox 1018 2318 1189 2380; x_wconf 77' lang='lat' dir='ltr'><strong>&#39;fundantur</strong></span> <span class='ocrx_word' id='word_1_59' title='bbox 1208 2318 1320 2385; x_wconf 83' lang='lat' dir='ltr'><strong>incesti,</strong></span> 
     </span>
    </p>
   </div>
   <div class='ocr_carea' id='block_1_12' title="bbox 403 2421 1448 2535">
    <p class='ocr_par' dir='ltr' id='par_1_12' title="bbox 403 2421 1448 2535">
     <span class='ocr_line' id='line_1_19' title="bbox 403 2421 1448 2535; baseline 0.003 -19"><span class='ocrx_word' id='word_1_60' title='bbox 403 2453 432 2521; x_wconf 82' lang='lat'><strong>2.</strong></span> <span class='ocrx_word' id='word_1_61' title='bbox 447 2453 570 2531; x_wconf 81' lang='lat' dir='ltr'><strong>Peiora,</strong></span> <span class='ocrx_word' id='word_1_62' title='bbox 615 2456 743 2532; x_wconf 84' lang='lat' dir='ltr'><strong>prudens</strong></span> <span class='ocrx_word' id='word_1_63' title='bbox 783 2465 811 2518; x_wconf 89' lang='lat' dir='ltr'><strong>et</strong></span> <span class='ocrx_word' id='word_1_64' title='bbox 845 2454 913 2518; x_wconf 89' lang='lat' dir='ltr'><strong>iiiu-</strong></span> <span class='ocrx_word' id='word_1_65' title='bbox 977 2455 1009 2520; x_wconf 88' lang='grc'><strong>6.</strong></span> <span class='ocrx_word' id='word_1_66' title='bbox 1021 2452 1134 2518; x_wconf 81' lang='lat' dir='ltr'><strong>Caesus</strong></span> <span class='ocrx_word' id='word_1_67' title='bbox 1155 2421 1266 2517; x_wconf 22' lang='lat' dir='ltr'><strong>amaus·</strong></span> <span class='ocrx_word' id='word_1_68' title='bbox 1279 2454 1448 2535; x_wconf 76' lang='lat' dir='ltr'><strong>indignatur</strong></span> 
     </span>
    </p>
   </div>
   <div class='ocr_carea' id='block_1_13' title="bbox 379 2551 879 2772">
    <p class='ocr_par' dir='ltr' id='par_1_13' title="bbox 379 2551 879 2772">
     <span class='ocr_line' id='line_1_20' title="bbox 444 2551 879 2703; baseline 0.005 -18"><span class='ocrx_word' id='word_1_69' title='bbox 444 2624 506 2686; x_wconf 89' lang='lat' dir='ltr'><strong>iam</strong></span> <span class='ocrx_word' id='word_1_70' title='bbox 526 2622 637 2686; x_wconf 80' lang='lat' dir='ltr'><strong>duobus</strong></span> <span class='ocrx_word' id='word_1_71' title='bbox 656 2551 758 2703; x_wconf 50' lang='lat' dir='ltr'><strong>Agger:</strong></span> <span class='ocrx_word' id='word_1_72' title='bbox 779 2625 879 2688; x_wconf 85' lang='lat' dir='ltr'><strong>lustris</strong></span> 
     </span>
     <span class='ocr_line' id='line_1_21' title="bbox 379 2709 766 2772; baseline 0.003 -2"><span class='ocrx_word' id='word_1_73' title='bbox 379 2727 385 2757; x_wconf 55' lang='grc' dir='ltr'><strong>ι</strong></span> <span class='ocrx_word' id='word_1_74' title='bbox 443 2710 575 2771; x_wconf 78' lang='lat' dir='ltr'><strong>Addebat</strong></span> <span class='ocrx_word' id='word_1_75' title='bbox 594 2709 766 2772; x_wconf 76' lang='lat' dir='ltr'><strong>triennium</strong></span> 
     </span>
    </p>
   </div>
   <div class='ocr_carea' id='block_1_14' title="bbox 444 2795 912 2876">
    <p class='ocr_par' dir='ltr' id='par_1_14' title="bbox 444 2795 912 2876">
     <span class='ocr_line' id='line_1_22' title="bbox 444 2795 912 2876; baseline 0 -18"><span class='ocrx_word' id='word_1_76' title='bbox 444 2795 548 2858; x_wconf 85' lang='lat' dir='ltr'><strong>Proles</strong></span> <span class='ocrx_word' id='word_1_77' title='bbox 594 2804 673 2856; x_wconf 87' lang='lat' dir='ltr'><strong>amat</strong></span> <span class='ocrx_word' id='word_1_78' title='bbox 711 2795 787 2855; x_wconf 86' lang='lat' dir='ltr'><strong>hano</strong></span> <span class='ocrx_word' id='word_1_79' title='bbox 827 2814 912 2876; x_wconf 86' lang='lat' dir='ltr'><strong>prae·</strong></span> 
     </span>
    </p>
   </div>
   <div class='ocr_carea' id='block_1_15' title="bbox 442 2879 848 3129">
    <p class='ocr_par' dir='ltr' id='par_1_15' title="bbox 442 2879 848 3129">
     <span class='ocr_line' id='line_1_23' title="bbox 685 2879 754 2941; baseline 0.014 -1"><span class='ocrx_word' id='word_1_80' title='bbox 685 2879 754 2941; x_wconf 80' lang='lat' dir='ltr'><strong>fecti</strong></span> 
     </span>
     <span class='ocr_line' id='line_1_24' title="bbox 443 2960 848 3043; baseline 0.01 -21"><span class='ocrx_word' id='word_1_81' title='bbox 443 2960 501 3022; x_wconf 86' lang='lat' dir='ltr'><strong>Sed</strong></span> <span class='ocrx_word' id='word_1_82' title='bbox 524 2963 560 3023; x_wconf 90' lang='lat' dir='ltr'><strong>ad</strong></span> <span class='ocrx_word' id='word_1_83' title='bbox 583 2963 647 3023; x_wconf 85' lang='lat' dir='ltr'><strong>eius</strong></span> <span class='ocrx_word' id='word_1_84' title='bbox 667 2961 751 3043; x_wconf 74' lang='lat' dir='ltr'><strong>virgo</strong></span> <span class='ocrx_word' id='word_1_85' title='bbox 772 2964 848 3026; x_wconf 86' lang='lat' dir='ltr'><strong>iieeti</strong></span> 
     </span>
     <span class='ocr_line' id='line_1_25' title="bbox 442 3045 748 3129; baseline 0.01 -20"><span class='ocrx_word' id='word_1_86' title='bbox 442 3045 567 3129; x_wconf 76' lang='lat' dir='ltr'><strong>Respuit</strong></span> <span class='ocrx_word' id='word_1_87' title='bbox 587 3046 748 3112; x_wconf 79' lang='lat' dir='ltr'><strong>arbitrium.</strong></span> 
     </span>
    </p>
   </div>
   <div class='ocr_carea' id='block_1_16' title="bbox 327 3181 729 3873">
    <p class='ocr_par' dir='ltr' id='par_1_16' title="bbox 399 3181 729 3752">
     <span class='ocr_line' id='line_1_26' title="bbox 399 3181 679 3247; baseline -0.018 0"><span class='ocrx_word' id='word_1_88' title='bbox 399 3183 430 3247; x_wconf 72' lang='lat'><strong>8.</strong></span> <span class='ocrx_word' id='word_1_89' title='bbox 443 3182 524 3245; x_wconf 85' lang='lat' dir='ltr'><strong>Mira</strong></span> <span class='ocrx_word' id='word_1_90' title='bbox 543 3183 590 3246; x_wconf 83' lang='lat' dir='ltr'><strong>ris</strong></span> <span class='ocrx_word' id='word_1_91' title='bbox 611 3181 679 3244; x_wconf 81' lang='lat' dir='ltr'><strong>fidei</strong></span> 
     </span>
     <span class='ocr_line' id='line_1_27' title="bbox 442 3267 700 3349; baseline 0 -19"><span class='ocrx_word' id='word_1_92' title='bbox 442 3267 523 3331; x_wconf 82' lang='lat' dir='ltr'><strong>Mira</strong></span> <span class='ocrx_word' id='word_1_93' title='bbox 546 3268 700 3349; x_wconf 79' lang='lat' dir='ltr'><strong>virginitas</strong></span> 
     </span>
     <span class='ocr_line' id='line_1_28' title="bbox 441 3351 667 3433; baseline 0 -21"><span class='ocrx_word' id='word_1_94' title='bbox 441 3351 522 3417; x_wconf 83' lang='lat' dir='ltr'><strong>Mira</strong></span> <span class='ocrx_word' id='word_1_95' title='bbox 541 3353 667 3433; x_wconf 76' lang='lat' dir='ltr'><strong>virginei</strong></span> 
     </span>
     <span class='ocr_line' id='line_1_29' title="bbox 441 3434 729 3518; baseline 0.028 -21"><span class='ocrx_word' id='word_1_96' title='bbox 441 3434 547 3499; x_wconf 74' lang='lat' dir='ltr'><strong>cordis</strong></span> <span class='ocrx_word' id='word_1_97' title='bbox 564 3437 729 3518; x_wconf 68' lang='lat' dir='ltr'><strong>integritas.</strong></span> 
     </span>
     <span class='ocr_line' id='line_1_30' title="bbox 441 3519 667 3584; baseline 0.018 -5"><span class='ocrx_word' id='word_1_98' title='bbox 441 3519 492 3581; x_wconf 89' lang='lat' dir='ltr'><strong>Sio</strong></span> <span class='ocrx_word' id='word_1_99' title='bbox 512 3522 573 3583; x_wconf 88' lang='lat' dir='ltr'><strong>Dei</strong></span> <span class='ocrx_word' id='word_1_100' title='bbox 588 3522 667 3584; x_wconf 86' lang='lat' dir='ltr'><strong>iiiios</strong></span> 
     </span>
     <span class='ocr_line' id='line_1_31' title="bbox 440 3604 669 3668; baseline 0 -2"><span class='ocrx_word' id='word_1_101' title='bbox 440 3604 521 3667; x_wconf 87' lang='lat' dir='ltr'><strong>Nutu</strong></span> <span class='ocrx_word' id='word_1_102' title='bbox 542 3606 669 3668; x_wconf 81' lang='lat' dir='ltr'><strong>mirabili</strong></span> 
     </span>
     <span class='ocr_line' id='line_1_32' title="bbox 441 3689 666 3752; baseline 0.013 -3"><span class='ocrx_word' id='word_1_103' title='bbox 441 3689 481 3749; x_wconf 87' lang='lat' dir='ltr'><strong>Se</strong></span> <span class='ocrx_word' id='word_1_104' title='bbox 502 3689 666 3752; x_wconf 81' lang='lat' dir='ltr'><strong>mirabilius</strong></span> 
     </span>
    </p>

    <p class='ocr_par' dir='ltr' id='par_1_17' title="bbox 327 3771 728 3873">
     <span class='ocr_line' id='line_1_33' title="bbox 327 3771 728 3873; baseline 0.002 -38"><span class='ocrx_word' id='word_1_105' title='bbox 327 3846 337 3873; x_wconf 47' lang='grc' dir='ltr'><em>Ι</em></span> <span class='ocrx_word' id='word_1_106' title='bbox 440 3772 542 3835; x_wconf 83' lang='lat' dir='ltr'><strong>Prodit</strong></span> <span class='ocrx_word' id='word_1_107' title='bbox 563 3774 594 3837; x_wconf 87' lang='lat' dir='ltr'><strong>in</strong></span> <span class='ocrx_word' id='word_1_108' title='bbox 616 3771 728 3854; x_wconf 77' lang='lat' dir='ltr'><strong>fragili.</strong></span> 
     </span>
    </p>
   </div>
   <div class='ocr_carea' id='block_1_17' title="bbox 1015 2587 1477 2875">
    <p class='ocr_par' dir='ltr' id='par_1_18' title="bbox 1015 2587 1477 2875">
     <span class='ocr_line' id='line_1_34' title="bbox 1017 2587 1477 2711; baseline 0.007 -25"><span class='ocrx_word' id='word_1_109' title='bbox 1017 2626 1056 2687; x_wconf 79' lang='lat' dir='ltr'><strong>nt</strong></span> <span class='ocrx_word' id='word_1_110' title='bbox 1077 2624 1241 2705; x_wconf 80' lang='lat' dir='ltr'><strong>irrumpens</strong></span> <span class='ocrx_word' id='word_1_111' title='bbox 1263 2587 1448 2705; x_wconf 80' lang='lat' dir='ltr'><strong>praefocatur</strong></span> <span class='ocrx_word' id='word_1_112' title='bbox 1472 2697 1477 2711; x_wconf 80' lang='lat'><strong>.</strong></span> 
     </span>
     <span class='ocr_line' id='line_1_35' title="bbox 1015 2708 1408 2790; baseline 0.008 -19"><span class='ocrx_word' id='word_1_113' title='bbox 1015 2712 1043 2779; x_wconf 79' lang='grc' dir='ltr'><strong>Δ</strong></span> <span class='ocrx_word' id='word_1_114' title='bbox 1064 2708 1193 2788; x_wconf 80' lang='lat' dir='ltr'><strong>maligno</strong></span> <span class='ocrx_word' id='word_1_115' title='bbox 1214 2711 1320 2790; x_wconf 83' lang='lat' dir='ltr'><strong>spiritu</strong></span> <span class='ocrx_word' id='word_1_116' title='bbox 1383 2758 1385 2763; x_wconf 86' lang='lat'>-</span> <span class='ocrx_word' id='word_1_117' title='bbox 1405 2736 1408 2783; x_wconf 80' lang='lat' dir='ltr'>j</span> 
     </span>
     <span class='ocr_line' id='line_1_36' title="bbox 1016 2796 1466 2875; baseline 0.007 -20"><span class='ocrx_word' id='word_1_118' title='bbox 1016 2796 1113 2875; x_wconf 84' lang='lat' dir='ltr'><strong>Luget</strong></span> <span class='ocrx_word' id='word_1_119' title='bbox 1131 2804 1229 2875; x_wconf 80' lang='lat' dir='ltr'><strong>pater,</strong></span> <span class='ocrx_word' id='word_1_120' title='bbox 1243 2796 1345 2875; x_wconf 79' lang='lat' dir='ltr'><strong>lugent</strong></span> <span class='ocrx_word' id='word_1_121' title='bbox 1358 2798 1466 2875; x_wconf 82' lang='lat' dir='ltr'><strong>cunuti,</strong></span> 
     </span>
    </p>
   </div>
   <div class='ocr_carea' id='block_1_18' title="bbox 1016 2962 1445 3125">
    <p class='ocr_par' dir='ltr' id='par_1_19' title="bbox 1016 2962 1445 3125">
     <span class='ocr_line' id='line_1_37' title="bbox 1016 2962 1445 3042; baseline 0.007 -15"><span class='ocrx_word' id='word_1_122' title='bbox 1016 2965 1113 3027; x_wconf 85' lang='lat' dir='ltr'><strong>Roma</strong></span> <span class='ocrx_word' id='word_1_123' title='bbox 1142 2962 1220 3024; x_wconf 85' lang='lat' dir='ltr'><strong>flevit</strong></span> <span class='ocrx_word' id='word_1_124' title='bbox 1241 2985 1294 3042; x_wconf 91' lang='lat' dir='ltr'><strong>pro</strong></span> <span class='ocrx_word' id='word_1_125' title='bbox 1317 2967 1445 3030; x_wconf 86' lang='lat' dir='ltr'><strong>deiuneti</strong></span> 
     </span>
     <span class='ocr_line' id='line_1_38' title="bbox 1016 3047 1382 3125; baseline -0.005 -14"><span class='ocrx_word' id='word_1_126' title='bbox 1016 3047 1132 3111; x_wconf 83' lang='lat' dir='ltr'><strong>iuvenis</strong></span> <span class='ocrx_word' id='word_1_127' title='bbox 1152 3047 1280 3114; x_wconf 85' lang='lat' dir='ltr'><strong>interitu.</strong></span> <span class='ocrx_word' id='word_1_128' title='bbox 1379 3118 1382 3125; x_wconf 28' lang='lat'>¹</span> 
     </span>
    </p>
   </div>
   <div class='ocr_carea' id='block_1_19' title="bbox 973 3183 1443 3336">
    <p class='ocr_par' dir='ltr' id='par_1_20' title="bbox 973 3183 1443 3336">
     <span class='ocr_line' id='line_1_39' title="bbox 973 3183 1443 3265; baseline 0 -19"><span class='ocrx_word' id='word_1_129' title='bbox 973 3184 1004 3246; x_wconf 88' lang='lat'><strong>7.</strong></span> <span class='ocrx_word' id='word_1_130' title='bbox 1017 3183 1182 3244; x_wconf 83' lang='lat' dir='ltr'><strong>Suseitutur</strong></span> <span class='ocrx_word' id='word_1_131' title='bbox 1202 3185 1240 3244; x_wconf 82' lang='lat' dir='ltr'><strong>alr</strong></span> <span class='ocrx_word' id='word_1_132' title='bbox 1259 3185 1380 3265; x_wconf 77' lang='lat' dir='ltr'><strong>Agnete.</strong></span> <span class='ocrx_word' id='word_1_133' title='bbox 1438 3196 1443 3211; x_wconf 72' lang='grc'><strong>“</strong></span> 
     </span>
     <span class='ocr_line' id='line_1_40' title="bbox 989 3268 1414 3336; baseline 0.019 -8"><span class='ocrx_word' id='word_1_134' title='bbox 989 3300 991 3304; x_wconf 93' lang='grc'><strong><em>·</em></strong></span> <span class='ocrx_word' id='word_1_135' title='bbox 1016 3269 1120 3328; x_wconf 74' lang='lat' dir='ltr'><strong>&#39;faria</strong></span> <span class='ocrx_word' id='word_1_136' title='bbox 1140 3268 1238 3330; x_wconf 87' lang='lat' dir='ltr'><strong>fremit</strong></span> <span class='ocrx_word' id='word_1_137' title='bbox 1259 3270 1414 3336; x_wconf 81' lang='lat' dir='ltr'><strong>indiscrete</strong></span> 
     </span>
    </p>
   </div>
   <div class='ocr_carea' id='block_1_20' title="bbox 1015 3353 1446 3613">
    <p class='ocr_par' dir='ltr' id='par_1_21' title="bbox 1015 3353 1446 3613">
     <span class='ocr_line' id='line_1_41' title="bbox 1015 3353 1403 3437; baseline 0.026 -27"><span class='ocrx_word' id='word_1_138' title='bbox 1015 3353 1135 3433; x_wconf 76' lang='lat' dir='ltr'><strong>Rugum</strong></span> <span class='ocrx_word' id='word_1_139' title='bbox 1153 3364 1258 3432; x_wconf 83' lang='lat' dir='ltr'><strong>parant</strong></span> <span class='ocrx_word' id='word_1_140' title='bbox 1277 3357 1403 3437; x_wconf 81' lang='lat' dir='ltr'><strong>virgini:</strong></span> 
     </span>
     <span class='ocr_line' id='line_1_42' title="bbox 1015 3437 1412 3516; baseline 0.03 -22"><span class='ocrx_word' id='word_1_141' title='bbox 1015 3437 1121 3516; x_wconf 80' lang='lat' dir='ltr'><strong>Rogas</strong></span> <span class='ocrx_word' id='word_1_142' title='bbox 1140 3438 1245 3499; x_wconf 81' lang='lat' dir='ltr'><strong>ardeus</strong></span> <span class='ocrx_word' id='word_1_143' title='bbox 1266 3461 1331 3502; x_wconf 89' lang='lat' dir='ltr'><strong>reos</strong></span> <span class='ocrx_word' id='word_1_144' title='bbox 1353 3445 1412 3505; x_wconf 85' lang='lat' dir='ltr'><strong>urit</strong></span> 
     </span>
     <span class='ocr_line' id='line_1_43' title="bbox 1015 3522 1446 3613; baseline 0.026 -31"><span class='ocrx_word' id='word_1_145' title='bbox 1015 3522 1049 3582; x_wconf 88' lang='lat' dir='ltr'><strong>In</strong></span> <span class='ocrx_word' id='word_1_146' title='bbox 1070 3523 1199 3583; x_wconf 83' lang='lat' dir='ltr'><strong>furentes</strong></span> <span class='ocrx_word' id='word_1_147' title='bbox 1219 3525 1336 3588; x_wconf 83' lang='lat' dir='ltr'><strong>damma</strong></span> <span class='ocrx_word' id='word_1_148' title='bbox 1355 3531 1446 3613; x_wconf 84' lang='lat' dir='ltr'><strong>surit,</strong></span> 
     </span>
    </p>
   </div>
   <div class='ocr_carea' id='block_1_21' title="bbox 1014 3604 1401 3683">
    <p class='ocr_par' dir='ltr' id='par_1_22' title="bbox 1014 3604 1401 3683">
     <span class='ocr_line' id='line_1_44' title="bbox 1014 3604 1401 3683; baseline 0.01 -14"><span class='ocrx_word' id='word_1_149' title='bbox 1014 3604 1098 3669; x_wconf 82' lang='lat' dir='ltr'><strong>Dans</strong></span> <span class='ocrx_word' id='word_1_150' title='bbox 1117 3606 1257 3670; x_wconf 82' lang='lat' dir='ltr'><strong>honorem</strong></span> <span class='ocrx_word' id='word_1_151' title='bbox 1277 3613 1401 3683; x_wconf 76' lang='lat' dir='ltr'><strong>numiui,</strong></span> 
     </span>
    </p>
   </div>
   <div class='ocr_carea' id='block_1_22' title="bbox 398 3906 1399 3991">
    <p class='ocr_par' dir='ltr' id='par_1_23' title="bbox 398 3906 1399 3991">
     <span class='ocr_line' id='line_1_45' title="bbox 398 3906 1399 3991; baseline 0.008 -20"><span class='ocrx_word' id='word_1_152' title='bbox 398 3907 429 3972; x_wconf 75' lang='grc'><strong>4.</strong></span> <span class='ocrx_word' id='word_1_153' title='bbox 445 3908 580 3989; x_wconf 81' lang='lat' dir='ltr'><strong>Laugnet</strong></span> <span class='ocrx_word' id='word_1_154' title='bbox 594 3927 714 3983; x_wconf 81' lang='lat' dir='ltr'><strong>emaus,</strong></span> <span class='ocrx_word' id='word_1_155' title='bbox 727 3906 812 3969; x_wconf 81' lang='lat' dir='ltr'><strong>cubat</strong></span> <span class='ocrx_word' id='word_1_156' title='bbox 825 3907 910 3987; x_wconf 87' lang='lat' dir='ltr'><strong>ieeto,</strong></span> <span class='ocrx_word' id='word_1_157' title='bbox 975 3911 1007 3977; x_wconf 81' lang='lat'><strong>8.</strong></span> <span class='ocrx_word' id='word_1_158' title='bbox 1022 3908 1127 3974; x_wconf 78' lang='lat' dir='ltr'><strong>Grates</strong></span> <span class='ocrx_word' id='word_1_159' title='bbox 1147 3929 1241 3991; x_wconf 74' lang='lat' dir='ltr'><strong>egens</strong></span> <span class='ocrx_word' id='word_1_160' title='bbox 1260 3917 1399 3979; x_wconf 83' lang='lat' dir='ltr'><strong>salvatori</strong></span> 
     </span>
    </p>
   </div>
   <div class='ocr_carea' id='block_1_23' title="bbox 437 3990 909 4395">
    <p class='ocr_par' dir='ltr' id='par_1_24' title="bbox 437 3990 909 4139">
     <span class='ocr_line' id='line_1_46' title="bbox 440 3990 909 4074; baseline 0 -20"><span class='ocrx_word' id='word_1_161' title='bbox 440 3995 581 4074; x_wconf 82' lang='lat' dir='ltr'><strong>Languor</strong></span> <span class='ocrx_word' id='word_1_162' title='bbox 601 4001 687 4053; x_wconf 89' lang='lat' dir='ltr'><strong>notus</strong></span> <span class='ocrx_word' id='word_1_163' title='bbox 712 3990 744 4053; x_wconf 80' lang='lat' dir='ltr'><strong>fit</strong></span> <span class='ocrx_word' id='word_1_164' title='bbox 765 3995 909 4070; x_wconf 85' lang='lat' dir='ltr'><strong>praesento</strong></span> 
     </span>
     <span class='ocr_line' id='line_1_47' title="bbox 437 4076 729 4139; baseline -0.01 0"><span class='ocrx_word' id='word_1_165' title='bbox 437 4078 568 4139; x_wconf 82' lang='lat' dir='ltr'><strong>Maturat</strong></span> <span class='ocrx_word' id='word_1_166' title='bbox 586 4076 729 4138; x_wconf 83' lang='lat' dir='ltr'><strong>remedia:</strong></span> 
     </span>
    </p>

    <p class='ocr_par' dir='ltr' id='par_1_25' title="bbox 439 4160 908 4325">
     <span class='ocr_line' id='line_1_48' title="bbox 441 4160 908 4243; baseline 0.004 -19"><span class='ocrx_word' id='word_1_167' title='bbox 441 4161 533 4224; x_wconf 78' lang='lat' dir='ltr'><strong>Odere</strong></span> <span class='ocrx_word' id='word_1_168' title='bbox 553 4160 661 4239; x_wconf 85' lang='lat' dir='ltr'><strong>multa,</strong></span> <span class='ocrx_word' id='word_1_169' title='bbox 682 4160 803 4241; x_wconf 87' lang='lat' dir='ltr'><strong>spondet</strong></span> <span class='ocrx_word' id='word_1_170' title='bbox 822 4162 908 4243; x_wconf 86' lang='lat' dir='ltr'><strong>plura</strong></span> 
     </span>
     <span class='ocr_line' id='line_1_49' title="bbox 439 4246 739 4325; baseline 0.007 -20"><span class='ocrx_word' id='word_1_171' title='bbox 439 4246 590 4310; x_wconf 88' lang='lat' dir='ltr'><strong>Perituros</strong></span> <span class='ocrx_word' id='word_1_172' title='bbox 611 4246 739 4325; x_wconf 78' lang='lat' dir='ltr'><strong>peritura</strong></span> 
     </span>
    </p>

    <p class='ocr_par' dir='ltr' id='par_1_26' title="bbox 439 4328 786 4395">
     <span class='ocr_line' id='line_1_50' title="bbox 439 4328 786 4395; baseline 0.014 -5"><span class='ocrx_word' id='word_1_173' title='bbox 439 4328 498 4391; x_wconf 87' lang='lat' dir='ltr'><strong>Sed</strong></span> <span class='ocrx_word' id='word_1_174' title='bbox 518 4331 659 4395; x_wconf 78' lang='lat' dir='ltr'><strong>vilescunt</strong></span> <span class='ocrx_word' id='word_1_175' title='bbox 679 4329 786 4395; x_wconf 82' lang='lat' dir='ltr'><strong>omnis.</strong></span> 
     </span>
    </p>
   </div>
   <div class='ocr_carea' id='block_1_24' title="bbox 1015 3994 1434 4066">
    <p class='ocr_par' dir='ltr' id='par_1_27' title="bbox 1015 3994 1434 4066">
     <span class='ocr_line' id='line_1_51' title="bbox 1015 3994 1434 4066; baseline 0.021 -10"><span class='ocrx_word' id='word_1_176' title='bbox 1015 3994 1120 4058; x_wconf 90' lang='lat' dir='ltr'><strong>Guttur</strong></span> <span class='ocrx_word' id='word_1_177' title='bbox 1141 3999 1224 4060; x_wconf 81' lang='lat' dir='ltr'><strong>offert</strong></span> <span class='ocrx_word' id='word_1_178' title='bbox 1244 4000 1318 4062; x_wconf 84' lang='lat' dir='ltr'><strong>haee</strong></span> <span class='ocrx_word' id='word_1_179' title='bbox 1339 4002 1434 4066; x_wconf 81' lang='lat' dir='ltr'><strong>iictori</strong></span> 
     </span>
    </p>
   </div>
   <div class='ocr_carea' id='block_1_25' title="bbox 1014 4078 1462 4232">
    <p class='ocr_par' dir='ltr' id='par_1_28' title="bbox 1014 4078 1462 4232">
     <span class='ocr_line' id='line_1_52' title="bbox 1014 4078 1462 4153; baseline 0.029 -13"><span class='ocrx_word' id='word_1_180' title='bbox 1014 4078 1077 4141; x_wconf 85' lang='lat' dir='ltr'><strong>Neo</strong></span> <span class='ocrx_word' id='word_1_181' title='bbox 1097 4084 1132 4144; x_wconf 86' lang='lat' dir='ltr'><strong>ed</strong></span> <span class='ocrx_word' id='word_1_182' title='bbox 1153 4083 1256 4146; x_wconf 84' lang='lat' dir='ltr'><strong>horam</strong></span> <span class='ocrx_word' id='word_1_183' title='bbox 1288 4086 1367 4149; x_wconf 85' lang='lat' dir='ltr'><strong>timet</strong></span> <span class='ocrx_word' id='word_1_184' title='bbox 1386 4092 1462 4153; x_wconf 85' lang='lat' dir='ltr'><strong>mori</strong></span> 
     </span>
     <span class='ocr_line' id='line_1_53' title="bbox 1014 4162 1300 4232; baseline 0.028 -9"><span class='ocrx_word' id='word_1_185' title='bbox 1014 4162 1153 4227; x_wconf 83' lang='lat' dir='ltr'><strong>Puritstis</strong></span> <span class='ocrx_word' id='word_1_186' title='bbox 1173 4170 1300 4232; x_wconf 84' lang='lat' dir='ltr'><strong>conseia.</strong></span> 
     </span>
    </p>
   </div>
   <div class='ocr_carea' id='block_1_26' title="bbox 1012 4250 1461 4671">
    <p class='ocr_par' dir='ltr' id='par_1_29' title="bbox 1012 4250 1375 4330">
     <span class='ocr_line' id='line_1_54' title="bbox 1012 4250 1375 4330; baseline 0.033 -21"><span class='ocrx_word' id='word_1_187' title='bbox 1012 4250 1128 4326; x_wconf 67' lang='lat' dir='ltr'><strong>Agnes,</strong></span> <span class='ocrx_word' id='word_1_188' title='bbox 1146 4256 1214 4330; x_wconf 79' lang='lat' dir='ltr'><strong>agui</strong></span> <span class='ocrx_word' id='word_1_189' title='bbox 1237 4257 1375 4321; x_wconf 76' lang='lat' dir='ltr'><strong>salutaris</strong></span> 
     </span>
    </p>

    <p class='ocr_par' dir='ltr' id='par_1_30' title="bbox 1014 4333 1461 4484">
     <span class='ocr_line' id='line_1_55' title="bbox 1014 4333 1461 4426; baseline 0.013 -32"><span class='ocrx_word' id='word_1_190' title='bbox 1014 4333 1104 4394; x_wconf 77' lang='lat' dir='ltr'><strong>Stans</strong></span> <span class='ocrx_word' id='word_1_191' title='bbox 1137 4338 1174 4396; x_wconf 85' lang='lat' dir='ltr'><strong>ad</strong></span> <span class='ocrx_word' id='word_1_192' title='bbox 1210 4339 1358 4420; x_wconf 80' lang='lat' dir='ltr'><strong>dextram,</strong></span> <span class='ocrx_word' id='word_1_193' title='bbox 1395 4348 1461 4426; x_wconf 75' lang='lat' dir='ltr'><strong>gio.</strong></span> 
     </span>
     <span class='ocr_line' id='line_1_56' title="bbox 1234 4442 1322 4484; baseline 0.034 -3"><span class='ocrx_word' id='word_1_194' title='bbox 1234 4442 1322 4484; x_wconf 82' lang='lat' dir='ltr'><strong>nans</strong></span> 
     </span>
    </p>

    <p class='ocr_par' dir='ltr' id='par_1_31' title="bbox 1012 4499 1382 4581">
     <span class='ocr_line' id='line_1_57' title="bbox 1012 4499 1382 4581; baseline 0.03 -20"><span class='ocrx_word' id='word_1_195' title='bbox 1012 4499 1051 4561; x_wconf 83' lang='lat' dir='ltr'><strong>iit</strong></span> <span class='ocrx_word' id='word_1_196' title='bbox 1069 4513 1203 4581; x_wconf 84' lang='lat' dir='ltr'><strong>parentes</strong></span> <span class='ocrx_word' id='word_1_197' title='bbox 1221 4509 1382 4574; x_wconf 80' lang='lat' dir='ltr'><strong>eousoinris</strong></span> 
     </span>
    </p>

    <p class='ocr_par' dir='ltr' id='par_1_32' title="bbox 1013 4584 1335 4671">
     <span class='ocr_line' id='line_1_58' title="bbox 1013 4584 1335 4671; baseline 0.031 -25"><span class='ocrx_word' id='word_1_198' title='bbox 1013 4584 1141 4653; x_wconf 83' lang='lat' dir='ltr'><strong>inritans</strong></span> <span class='ocrx_word' id='word_1_199' title='bbox 1159 4591 1196 4652; x_wconf 85' lang='lat' dir='ltr'><strong>ad</strong></span> <span class='ocrx_word' id='word_1_200' title='bbox 1217 4592 1335 4671; x_wconf 67' lang='lat' dir='ltr'><strong>gaudia.</strong></span> 
     </span>
    </p>
   </div>
   <div class='ocr_carea' id='block_1_27' title="bbox 0 0 1880 5400">
    <p class='ocr_par' dir='ltr' id='par_1_33' title="bbox 0 0 1880 5400">
     <span class='ocr_line' id='line_1_59' title="bbox 0 0 1880 5400; baseline 0 0"><span class='ocrx_word' id='word_1_201' title='bbox 0 0 1880 5400; x_wconf 95' lang='lat' dir='ltr'><strong> </strong></span> 
     </span>
    </p>
   </div>
  </div>
 </body>
</html>
