3750 5400
941 673 1009 746 fl·

912 855 1037 923 xnltt.

812 1000 867 1064 De
890 1021 958 1064 usa
991 998 1144 1080 Virgine.

508 1138 538 1205 1.
581 1135 721 1199 Exulteut
739 1132 815 1198 tiliae
836 1135 909 1198 Sion
930 1136 1051 1216 inrogo
1072 1155 1125 1197 suo

506 1238 537 1301 2.
579 1236 748 1301 Nescientes
771 1249 866 1299 toruru
886 1236 983 1299 delicti
1005 1235 1125 1298 crimine
1146 1233 1339 1308 sordidatum:

504 1340 537 1403 3.
578 1340 723 1417 Quarum,
745 1335 877 1417 Christe,
898 1357 1023 1418 sponsus
1037 1336 1200 1417 uirginum,
1221 1336 1345 1415 uirginis
1365 1355 1399 1396 es
1413 1332 1511 1397 filiast

504 1442 536 1505 4.
578 1439 670 1502 Cuius
691 1437 787 1518 gratia
807 1439 883 1501 mira
904 1458 993 1521 opera
1013 1440 1043 1500 iu
1065 1436 1174 1500 sanctis
1195 1436 1253 1498 tuis
1274 1449 1342 1499 sunt
1362 1438 1457 1515 editu,

444 1545 537 1692 Hb.
580 1542 619 1604 Ut
646 1542 699 1604 das
727 1557 845 1601 cernae
871 1541 927 1602 trac
959 1541 989 1601 in
1009 1537 1123 1619 virgiac
1145 1538 1227 1600 cuius
1248 1540 1321 1601 haec
1341 1539 1419 1601 testa
1441 1547 1510 1600 suat

466 1647 546 1690 ores

506 1730 537 1794 b.
580 1727 663 1804 Quae
684 1722 782 1805 fragili
804 1743 880 1786 sexu
906 1722 1031 1785 feminco
1053 1721 1176 1786 uiriliter
1196 1721 1294 1786 caruis
1315 1722 1378 1784 inre
1400 1708 1528 1785 domito

505 1828 537 1891 7.
580 1825 751 1924 bugelicaru
777 1824 826 1887 hic
851 1822 942 1886 iitaru
969 1825 1091 1887 duxerat
1118 1824 1149 1886 in
1170 1844 1274 1904 carne,
1300 1827 1370 1887 dum
1391 1834 1511 1906 praeter

443 1930 561 1975 caruem
582 1920 706 1975 unxerat.

506 2012 537 2076 8.
578 2012 642 2072 Hoc
668 2011 790 2073 miratur
808 2030 929 2091 serpens
949 2008 1100 2091 antiquus,
1127 2009 1295 2092 calcaneum
1323 2007 1386 2069 eius
1409 2009 1513 2070 obser-

446 2097 533 2168 rabat
554 2095 692 2170 callidus:

504 2200 536 2261 9.
578 2196 662 2273 Quod
689 2213 792 2255 nocere
819 2195 887 2256 duru
913 2193 1112 2274 machinatur,
1145 2195 1200 2257 snb
1234 2195 1354 2274 pedibus
1382 2192 1511 2255 somnae

445 2293 531 2365 eaput
552 2280 615 2342 eius
637 2278 747 2345 teritur.
803 2296 806 2303 ’

488 2384 539 2446 10.
582 2380 705 2477 iusidias
726 2376 819 2440 hostis
839 2378 929 2456 hanc,
952 2376 1083 2459 Christe,
1112 2378 1233 2441 docuisti
1255 2378 1372 2442 uincere
1394 2378 1426 2439 iu
1447 2377 1511 2459 pri-

445 2486 494 2532 na
513 2484 734 2545 congressione,

439 2619 444 2626 .
489 2569 540 2633 11.
582 2567 659 2628 Dum
687 2582 745 2624 nou
774 2561 963 2640 consentiret,
989 2564 1039 2625 scd
1060 2562 1104 2625 iili
1132 2562 1296 2640 resisteret,
1319 2563 1436 2626 vincere
1458 2565 1512 2645 qui

447 2652 522 2718 solet
542 2659 667 2715 tentatus
687 2647 713 2710 si
734 2665 792 2709 non
813 2656 956 2728 repugnet
1511 2671 1531 2703 .

486 2754 540 2819 12,
581 2753 677 2830 Quem
697 2751 770 2812 liaeo
789 2748 872 2826 uirgo
893 2748 1033 2810 resistens
1054 2766 1072 2810 n
1090 2767 1123 2810 se
1145 2748 1212 2809 fecit
1233 2749 1353 2829 ingere,
1380 2770 1437 2829 quo
1460 2751 1513 2812 sn-

446 2848 514 2919 gato
535 2831 784 2918 appropinquabat
804 2830 871 2908 tibi,
892 2833 1016 2895 domiue.

364 3000 373 3015 ,,
490 2937 542 3001 13.
585 2936 662 2998 Nam
692 2933 767 2994 inter
787 2930 917 3010 virgines
943 2932 1064 2992 adducta
1084 2940 1149 3010 post
1169 2952 1232 2994 caru
1256 2953 1328 3014 quae
1349 2942 1443 2997 mater
1466 2943 1514 2996 est

446 3023 569 3102 intacta,
591 3019 740 3098 virginum
760 3015 883 3096 uirginis
900 3015 1015 3077 Mariae
1034 3015 1123 3096 digua
1143 3026 1187 3076 cst
1208 3018 1393 3100 pedissequas

490 3122 542 3190 14.
582 3122 628 3183 'Pe
655 3139 764 3201 agnum
792 3118 854 3180 sinc
882 3117 997 3180 macula
1030 3116 1091 3180 iarn
1118 3118 1248 3198 sequitur
1274 3119 1350 3182 stola
1377 3118 1512 3197 candidu,

446 3209 540 3273 filiunt
562 3204 702 3286 uirginis,
726 3223 893 3285 quocunque
914 3201 1061 3282 virgiuum
1082 3201 1137 3264 dos
1158 3202 1231 3266 ierit.

490 3312 542 3375 lt.
581 3305 677 3371 Huius
698 3303 901 3369 intercessione
922 3323 977 3365 nos
998 3313 1088 3367 tuere.

515 3561 562 3609 Eat
580 3557 716 3622 Sequentia
732 3557 760 3604 in
770 3553 962 3623 festivitatibus
978 3555 1106 3622 virginum
1123 3557 1303 3620 decantanda,
1329 3560 1402 3610 euius
1419 3573 1512 3610 neate-

447 3632 490 3683 n'n
507 3626 608 3693 respicit
624 3625 773 3672 'castitatem
796 3622 957 3689 virginalem.
990 3623 1026 3669 Ee
1041 3624 1155 3689 procedit
1170 3636 1260 3674 auctor
1284 3628 1360 3676 inea
1378 3627 1431 3678 eati
1448 3648 1512 3680 ma-

344 3712 347 3717 ·
448 3702 482 3750 do
499 3712 532 3745 ae
546 3694 569 3740 si
585 3702 687 3740 tantum
704 3692 736 3738 δι
753 3706 806 3737 una
828 3691 927 3757 virgine
950 3687 1106 3752 loqueretur,
1134 3693 1249 3752 quamue
1272 3697 1365 3761 poterit
1387 3694 1512 3762 pluribus

449 3761 585 3834 applicari·
619 3759 654 3805 Et
672 3756 797 3806 diuiditur
811 3755 864 3803 iata
888 3755 1024 3819 Sequuntia
1046 3756 1074 3804 in
1090 3767 1140 3804 tres
1154 3770 1251 3824 partes.
1292 3763 1323 3810 In
1339 3764 1427 3829 prima
1443 3765 1513 3814 bor-

446 3845 521 3886 tatur
538 3824 675 3892 quamlibet
692 3824 806 3872 animam
815 3820 926 3888 fidelem
938 3823 975 3870 ad
988 3825 1155 3889 gaudendum
1172 3825 1360 3879 deeonrtantia
1370 3833 1512 3899 virginali.

448 3901 481 3952 In
497 3896 609 3949 secunda
626 3890 785 3940 commendat
801 3887 940 3953 quamlibet
951 3890 1074 3957 virginem
1091 3893 1190 3940 ratione
1205 3897 1364 3946 reeirtentiae
1378 3903 1511 3950 tentatio-

447 3988 508 4022 num
525 3958 678 4018 carnalium.
713 3958 743 4005 In
760 3957 838 4016 tertia
853 3957 972 4006 describit
990 3955 1105 4022 glorians
1121 3971 1145 4007 et
1163 3965 1388 4015 remunerationem
1407 3969 1463 4016 eiua
1480 3971 1511 4020 in

449 4043 526 4100 codo·
575 4025 657 4089 Haec
686 4021 845 4100 Adcipbus.
900 4020 1103 4083 Verumtamen
1139 4024 1235 4102 rides,
1268 4030 1335 4106 apte
1362 4033 1511 4109 quadrare

335 4138 339 4145 .
447 4134 565 4183 „tmen
593 4112 623 4170 in
649 4106 801 4186 legandum
829 4102 861 4165 S.
882 4101 1062 4182 Margaritae
1082 4105 1119 4167 V.
1148 4106 1210 4182 Μ.,
1233 4129 1319 4187 quam
1347 4115 1511 4194 diabolum,

337 4258 346 4273 .
447 4205 501 4268 sub
514 4196 611 4281 specie
625 4190 736 4254 bettone
750 4186 1011 4249 monstrosissime
1025 4188 1055 4247 iu
1068 4206 1182 4250 carcerc
1195 4204 1400 4275 opiparem,
1424 4203 1511 4279 pedis

347 4294 362 4307 .
445 4281 629 4369 impositione
670 4271 814 4335 domuisse
850 4271 1044 4349 domitumque
1073 4272 1193 4351 fugasse
1228 4288 1347 4339 narrant
1385 4284 1511 4363 antiqni-

446 4373 545 4448 Unde,
573 4366 598 4429 si
626 4380 684 4426 non
712 4354 854 4436 singulari
883 4354 967 4414 laude
998 4355 1074 4414 hano
1100 4356 1243 4434 uirginem
1269 4376 1440 4438 prosecutus
1468 4369 1510 4430 sit

449 4470 566 4536 poetae,
592 4451 649 4512 boa
672 4446 768 4526 ipsum
795 4437 858 4498 eins
886 4435 1056 4514 martyrium
1082 4439 1109 4497 ci
1135 4449 1201 4501 ante
1229 4444 1327 4505 oculos
1356 4465 1510 4515 remum

362 4620 370 4625 ..
448 4541 535 4604 tacite
547 4532 710 4600 credideris.
731 4559 773 4574 -
790 4522 841 4587 ΡΘ·
861 4519 997 4599 CXLIX,
1018 4519 1049 4585 ²·
1065 4531 1189 4584 Mat
1206 4532 1286 4603 filiae
1308 4541 1370 4595 &on
1393 4547 1422 4597 in
1444 4569 1510 4620 rege
