3750 5400
414 873 465 939 19.
480 870 612 953 Bepnlso
634 888 685 951 per
705 869 801 932 odium
973 872 1025 936 23.
1040 870 1080 934 Ut
1100 868 1223 931 mortale
1244 870 1339 949 pellas
1361 869 1476 951 odon,

475 956 583 1019 cessat
601 955 790 1020 stillicidium.
820 979 822 984 ·
1037 955 1173 1018 Salutare
1194 954 1288 1017 stilles
1315 953 1427 1036 oleum,
1494 997 1499 1006 -

1037 1040 1141 1101 Oleum
1163 1038 1306 1116 laetitias,

1037 1123 1212 1186 Medicinam
1234 1123 1358 1201 gratiae.

412 1278 469 1345 20.
486 1279 618 1340 Reverso
639 1275 772 1355 pontilire
974 1278 1028 1341 24.
1042 1276 1110 1338 lude
1132 1294 1186 1337 nos
1207 1239 1390 1337 divinitns'
1469 1243 1475 1250 .

394 1436 398 1456 ι
479 1363 583 1424 Manat
604 1361 660 1423 tnn'
681 1361 811 1423 mirifice.
1039 1362 1124 1440 Unge
1144 1368 1242 1421 saneta
1264 1358 1395 1439 spiritns.

412 1515 470 1579 2l·.
481 1513 594 1593 Magne
607 1514 699 1575 Deus
720 1512 851 1592 Adonai,
976 1514 1030 1578 25.
1043 1512 1162 1573 Mrrnda'
1175 1510 1270 1572 cordis
1291 1510 1408 1574 orelam

456 1659 459 1664 .
481 1599 544 1660 Nos
565 1608 721 1658 ut'uautas
737 1597 857 1661 Nicolni
1041 1595 1132 1659 8ιι1ιιι
1154 1606 1286 1657 cunctum
1311 1597 1460 1677 populum.

478 1682 543 1742 Ilaec
565 1684 600 1741 dc
620 1682 719 1742 ιιιιιιιιΙί
743 1683 871 1742 turlrine:
1196 1701 1201 1722 ι

480 1763 513 1827 lu
539 1767 721 1830 hac-mundo
744 1766 933 1842 lluetuamns,

480 1850 526 1911 lle
550 1850 691 1930 prolundo
714 1849 914 1910 clamitamus:

481 1934 544 1997 Nos
563 1936 668 1996 exaaudi
693 1934 828 1997 Domine.

412 2084 468 2148 22.
486 2086 516 2145 lu
539 2085 594 2147 lroo
616 2086 689 2145 t'esto
711 2084 752 2145 tui
779 2082 933 2164 praesulis,
974 2084 1025 2148 26.
1039 2082 1100 2144 Fae
1119 2102 1172 2143 uos
1194 2083 1289 2162 ipsam
1312 2092 1338 2143 te
1362 2083 1482 2158 viderer
1570 2140 1579 2152 ,

482 2170 567 2231 Nune
596 2171 693 2229 adesto
716 2170 773 2230 tuis
798 2170 934 2249 laruolis,
1038 2168 1102 2231 lloo
1121 2178 1165 2230 est
1186 2180 1276 2229 totum
1298 2170 1372 2229 ritae
1395 2188 1491 2249 serae·

465 2253 569 2314 ·Salus
592 2252 620 2313 in
644 2253 780 2331 perieulis

482 2338 521 2399 tit
543 2339 650 2418 peceati
673 2338 830 2403 vinculis.-

887 2458 1034 2470 --—-—--

503 2555 661 2633 Nicolans,
684 2555 849 2618 Patarieusi
873 2575 958 2636 qnam
982 2557 1065 2617 modo
1087 2554 1230 2636 legimns
1228 2555 1392 2635 Sequentia
1422 2554 1490 2635 plus

416 2642 496 2705 insto
517 2641 696 2717 celebratus,
718 2640 884 2702 horninibus
904 2640 990 2702 medii
1013 2639 1078 2701 aeri
1103 2603 1260 2721 plntrnuus
1265 2650 1328 2701 crat
1348 2639 1491 2720 arreptis·
1566 2670 1573 2678 ·

416 2727 530 2793 simus.
564 2724 631 2786 lnde
666 2726 829 2786 festivitatis
864 2725 1017 2804 splendor,
1051 2726 1262 2786 eeclesiarum
1255 2725 1336 2785 eius
1372 2722 1489 2784 nominc

416 2820 587 2872 ornatarum
610 2809 775 2881 multitudo
795 2811 860 2870 inde
879 2809 1057 2870 rarrtieorum
1079 2829 1114 2870 ac
1128 2829 1294 2871 serruonum
1317 2808 1420 2887 ingens
1435 2826 1490 2867 aa·

416 2914 529 2959 merus,
572 2894 686 2955 'fatuea
710 2895 824 2974 apud
817 2914 897 2974 ipsos
925 2893 1092 2955 Catholicae
1113 2893 1270 2974 scriptores
1298 2894 1327 2952 iu
1353 2894 1489 2965 confesso

418 2990 484 3055 est,
504 2979 657 3040 historiam
679 2979 710 3042 S.
733 2977 846 3040 Nieolai
868 2974 1007 3038 incertam
1037 2999 1103 3040 esse
1131 2988 1160 3039 et
1181 2978 1280 3040 multis
1305 2976 1490 3039 dubitationi·

419 3066 476 3124 lrus
488 3071 641 3134 veientana
658 3082 710 3122 nce
729 3062 822 3140 male,
836 3064 911 3142 quand
926 3062 1072 3123 Lntlnerns
1086 3063 1134 3125 W.
1150 3062 1202 3135 xt,
1216 3064 1317 3125 2585:
1341 3061 1489 3137 „llieLe-

389 3224 393 3230 ι
418 3148 496 3227 gend
519 3147 571 3207 des
592 3147 734 3226 luentigen-
753 3148 870 3222 Festes,
893 3149 945 3206 des
967 3147 1096 3224 heiligen
1119 3146 1252 3206 Biselmls
1276 3144 1389 3206 Nicolai
1417 3145 1489 3205 wal·

387 3274 394 3282 -
418 3233 469 3293 len
498 3233 551 3292 uir
578 3232 674 3293 lasseu
703 3232 840 3308 unstrhut,
870 3233 944 3291 derru
974 3231 1017 3291 sie
1038 3229 1098 3292 viel
1125 3229 1277 3291 kiudisclre
1306 3228 1403 3309 Dirige
1432 3231 1490 3291 eud
1579 3300 1581 3305 Ι

418 3337 456 3377 za
470 3315 571 3377 Zeiten
593 3317 666 3377 aureli
681 3316 785 3394 Linges
807 3315 858 3375 unit
881 3307 1083 3377 eiumiselret.“
1124 3314 1213 3375 Aiunt
1234 3325 1330 3376 tamen
1353 3314 1489 3374 strictita-

419 3412 478 3462 tem
501 3399 647 3481 Myrensis
669 3401 798 3480 episcopi
820 3399 970 3460 miraculis
986 3399 1168 3459 creberrimis
1191 3400 1273 3459 ruodo
1296 3397 1402 3458 invicte
1424 3417 1490 3459 esse

418 3480 638 3564 comprobatam
660 3504 695 3545 ιιι
717 3485 890 3550 decoratam.
936 3483 983 3543 Ex
1008 3483 1056 3545 lais
1085 3483 1180 3562 signis
1201 3501 1236 3544 ac
1258 3482 1412 3552 virtutihus
1433 3483 1489 3542 duo

420 3589 492 3649 prae
511 3567 615 3629 octaris
637 3569 711 3630 inter
733 3569 855 3649 populos
878 3569 1046 3629 irretiantur
1065 3567 1209 3668 exerppla.
1252 3568 1384 3630 Alteram
1403 3566 1489 3631 Brer.

418 3656 587 3716 Romanam
607 3652 654 3715 his
683 3655 780 3715 ret-liis
808 3663 939 3714 enarrat:
974 3651 1081 3728 „Cum
1110 3653 1183 3715 ciris
1210 3673 1301 3733 egeas
1328 3662 1388 3721 tres
1414 3651 1491 3713 lilias

418 3740 478 3799 iam
502 3737 616 3798 arnlriles
638 3736 667 3798 iu
692 3738 874 3802 matrimonio
903 3737 1045 3797 collocare
1066 3758 1123 3797 ιιιιιι
1146 3748 1245 3818 posset
1267 3756 1422 3815 earumque
1436 3757 1491 3815 pu-

418 3821 547 3883 dicitiam
572 3823 744 3900 prostituere
773 3823 928 3901 cogitaret:
957 3843 987 3882 re
1014 3822 1131 3901 cognita
1158 3822 1298 3884 Nicolaus
1324 3830 1409 3881 noctu
1439 3840 1492 3900 per

387 3950 391 3957 ·
418 3909 578 3968 fenestram
605 3916 715 3968 tautum
744 3907 882 3987 pecuniae
909 3907 941 3968 in
969 3907 1032 3968 cirus
1059 3910 1174 3969 domam
1202 3907 1317 3981 inierit,
1352 3917 1490 3982 qnantum

421 3990 508 4053 naias
531 3988 655 4069 virginis
676 3989 733 4052 doti
757 3991 828 4052 satis
848 4000 934 4053 esset.
978 3992 1072 4092 erod
1083 4013 1148 4053 eum
1167 3991 1272 4052 iterum
1293 4001 1320 4048 et
1342 3988 1424 4049 tertie
1446 3990 1491 4048 le-

421 4075 510 4137 cisset
531 4085 591 4136 tres
613 4074 681 4137 illae
710 4072 838 4154 virgines
859 4074 990 4149 honestis
1019 4075 1090 4138 viris
1118 4077 1148 4136 in
1170 4071 1384 4143 matrimonium
1406 4072 1489 4133 datae

420 4163 522 4222 sunt.“
575 4158 632 4219 latu
664 4160 805 4238 perspicis
834 4179 943 4220 morem
974 4159 1112 4239 pictorum
1138 4177 1173 4219 ac
1209 4158 1404 4234 sculptorum,
1439 4157 1488 4236 qni

420 4244 454 4305 S.
483 4242 636 4305 Nicolaum
667 4255 725 4303 tres
752 4244 886 4304 sacculos
908 4255 1065 4323 portantem
1090 4243 1199 4303 luriunt
1219 4261 1273 4302 nec
1293 4238 1433 4300 miramur
1453 4241 1494 4302 il-

422 4329 481 4390 lam
503 4329 737 4390 coasuetudinem
755 4346 839 4406 qaam
854 4335 1059 4388 commemorat
1073 4326 1276 4387 Heudorffius.
1304 4322 1402 4401 „Mau
1418 4325 1491 4405 plle-

422 4413 625 4490 petrarchae
647 4413 753 4473 diesem
770 4412 838 4491 Τις
860 4413 913 4472 den
938 4413 1068 4473 Kimteru
1094 4409 1246 4472 mitSanct
1266 4408 1450 4470 Nicolaus
1425 4430 1490 4471 erne

389 4500 395 4510 ‘
422 4498 538 4559 Frende
558 4519 592 4558 on
617 4497 756 4574 macheu,
778 4498 830 4556 das
851 4497 951 4574 kompt
972 4497 1077 4568 daher,
1100 4497 1168 4554 dass
1188 4515 1239 4571 er,
1268 4494 1321 4554 uie
1343 4497 1414 4555 olreu
1437 4515 1493 4574 ge·

421 4582 543 4660 meldct,
571 4586 665 4655 ciuem
693 4600 793 4642 armen
814 4581 906 4642 Maon
933 4602 986 4642 zar
1008 4586 1201 4662 Aussttutnng
1228 4579 1325 4642 seiner
1353 4580 1490 4656 'licitam
