3750 5400
717 650 797 673 ι,
965 637 1000 661 ·.

1051 829 1058 860 1

852 887 958 954 XXV.

662 989 665 996 -
773 1029 829 1093 De
842 1005 893 1096 ¹8.
921 1028 1034 1095 Gallo.

435 1165 465 1233 1.
509 1163 536 1227 0
557 1163 659 1225 dilecte
680 1162 812 1243 domino,
834 1165 936 1245 Galle,
955 1147 1114 1246 perenni,⁸

422 1266 463 1329 ’2.
506 1266 681 1329 Hominibus
704 1277 732 1328 et
753 1268 881 1329 coetibus
902 1268 1092 1347 angelornm:

433 1370 465 1433 3.
494 1369 567 1445 ‘Qui
591 1369 683 1451 [lesu]
706 1368 816 1431 Christi
838 1369 975 1430 obediens
995 1372 1103 1432 arduae
1126 1368 1256 1431 suasioni
1298 1410 1300 1414 -

432 1470 463 1533 4.
504 1470 630 1532 Praedia
652 1470 761 1551 patris,
782 1470 926 1551 gremium
948 1472 1066 1551 matris,

434 1575 464 1636 6.
509 1568 651 1651 Coniugis
672 1593 788 1653 curam,
811 1573 922 1635 ludicra
943 1574 1018 1658 nati.

346 1711 353 1718 -
433 1675 464 1738 6.
507 1674 664 1754 Sprevisti,
687 1694 845 1756 pauperem
866 1693 978 1755 pauper
999 1674 1147 1735 dominum
1169 1694 1312 1756 sequens,
1408 1722 1413 1736 .
1516 1681 1521 1690 “

431 1777 463 1840 7.
505 1775 544 1837 Et
565 1796 679 1838 erucem
702 1775 818 1857 gaudiis
839 1775 984 1855 protulisti
1008 1776 1138 1842 lubricis.

434 1882 465 1941 8.
510 1877 567 1939 Sed
590 1876 726 1938 Christus
748 1877 841 1958 pretio
862 1876 1056 1959 centuplicato

387 1959 400 1967 .
435 1982 465 2043 9.
510 1979 591 2040 Haec
614 1979 825 2059 compensavit,
848 1988 878 2041 nt
900 1981 963 2041 dies
984 1981 1039 2041 iste
1061 1985 1193 2041 testatur.

414 2080 483 2145 10.·
509 2080 586 2142 Dum
609 2079 659 2140 tibi
681 2100 735 2143 nos
757 2101 858 2143 omnes
879 2080 956 2142 lilios
977 2080 1052 2141 dulci
1076 2081 1171 2141 subdit
1194 2079 1316 2161 allecto,

314 2235 319 2246 ,
415 2184 465 2245 11.
511 2181 705 2262 Sueriamqne
728 2202 847 2277 suarem
869 2184 993 2263 patriam
1016 2181 1084 2259 tibi,
1106 2182 1211 2259 Galle,
1232 2184 1357 2252 donavit.
1384 2229 1388 2248 .

415 2285 465 2348 12.
509 2284 571 2345 Nee
597 2304 656 2345 non
683 2292 710 2344 et
738 2284 862 2345 indicem
883 2284 914 2344 in
934 2284 1024 2347 coelis
1044 2284 1241 2365 apostolorum
1265 2287 1352 2349 choro
1374 2287 1442 2351 inn-

311 2393 316 2406 “
374 2380 450 2433 ctum
471 2382 499 2431 te
521 2369 588 2430 lecit
608 2370 718 2429 sedere.
804 2413 810 2426 .

373 2527 375 2532 .
416 2473 466 2537 13.
508 2470 554 2532 Te
581 2489 657 2531 nune
684 2467 855 2550 suppliciter
881 2488 1034 2549 precamur
1062 2481 1093 2532 nt
1120 2471 1205 2535 nubis
1235 2473 1331 2536 lesum
1354 2472 1442 2539 curi-

375 2568 465 2638 stnm,
488 2556 591 2633 Galle,
620 2556 748 2635 postules
770 2557 884 2629 fauere,

417 2661 466 2726 14.
509 2659 547 2721 llt
568 2656 664 2718 locum
686 2655 818 2738 corporis
839 2655 902 2718 eius
923 2674 996 2738 pace
1018 2656 1151 2737 repleas,

417 2765 467 2828 15.
510 2761 554 2824 Ac
576 2771 640 2821 tuos
662 2758 810 2838 supplices
831 2761 933 2822 crebra
956 2779 1027 2840 pace
1049 2760 1201 2840 subleves,

331 2877 346 2893 ²
417 2866 467 2932 16.
509 2863 548 2926 Ut
571 2861 621 2922 tibi
644 2861 769 2922 debitam
790 2860 1040 2924 honorificentiam

302 2970 305 2977 '
417 2967 473 3046 17.
511 2961 689 3027 Laetabnndi
712 2983 828 3042 semper
848 2983 1013 3026 mereamur
1034 2964 1165 3043 soluere,

419 3067 471 3132 18.
513 3066 538 3128 0
561 3063 661 3140 Galle,
683 3062 745 3124 Deo
767 3062 879 3130 dilecte.

834 3215 983 3225 ..0--n-—-

459 3319 600 3400 Legimus
621 3320 696 3381 barre
717 3314 893 3396 sequentiam
916 3314 946 3376 in
968 3313 1039 3381 Cod.
1059 3316 1102 3379 M.
1125 3319 1155 3380 5.
1169 3317 1213 3386 6.=
1234 3320 1335 3398 procul
1356 3321 1442 3384 dnbio

376 3405 451 3487 apud
473 3405 630 3466 monachos
651 3403 683 3468 S.
708 3400 851 3464 Benedicti
875 3401 1047 3479 praesertim
1069 3401 1100 3461 in
1121 3402 1256 3466 Helvetia
1277 3423 1312 3465 ae
1335 3405 1444 3468 Suesia

377 3503 437 3553 erat
458 3491 615 3570 divulgata
657 3489 771 3550 Primae
795 3485 943 3546 clausulae
965 3485 1038 3544 mire
1051 3489 1232 3549 consentiant
1253 3511 1318 3551 cnm
1333 3493 1444 3553 cantico

376 3578 410 3636 tle
423 3579 454 3638 S.
477 3577 597 3636 loanrm:
614 3585 722 3633 Ioannes
741 3587 799 3633 Ictu
819 3583 917 3633 Cbrt'eto
938 3579 1047 3631 multum
1065 3582 1158 3633 <aleae
1175 3586 1249 3653 virgo
1273 3575 1334 3653 (V.)
1368 3577 1444 3638 For.

376 3672 454 3723 tasse
476 3662 506 3721 in
527 3670 647 3737 utroque
670 3657 796 3717 carmine
820 3668 919 3735 poeta,
948 3655 989 3715 nti
1012 3665 1161 3734 poetarum
1181 3658 1380 3723 Romanorum
1411 3684 1445 3723 o-

377 3746 466 3826 ptime
480 3763 606 3825 gnarus,
629 3740 756 3803 imitatus
770 3752 813 3802 GSl
826 3741 1019 3802 Horatiannm
1041 3741 1128 3801 illud:
1144 3752 1237 3801 Fertur
1252 3759 1364 3822 pudicae
1380 3775 1445 3805 con-

377 3843 447 3912 iugis
468 3839 581 3892 osculum
597 3854 737 3905 parvosque
758 3850 834 3887 natos
851 3849 880 3886 ut
902 3838 995 3905 capitis
1016 3838 1099 3886 minor
1122 3856 1140 3886 a
1161 3856 1189 3886 ee
1208 3843 1349 3891 removisse.
1384 3828 1445 3890 Ne-

378 3919 503 3998 qnexab
534 3915 614 3976 illius
640 3912 779 3992 temporis
803 3911 936 3991 ingenio,
972 3911 998 3972 si
1033 3911 1168 3986 fecisset,
1193 3916 1372 3981 abhorreret.
1413 3914 1445 3976 3.

376 4004 460 4065 Duae
480 4000 614 4086 syllabae
635 3999 789 4064 abundant.
831 3998 861 4063 8.
881 3997 918 4058 cl.
932 3997 989 4057 Mt.
1008 3996 1101 4071 XIX,
1120 3998 1177 4058 29:
1194 4010 1377 4076 quiretr'querir
1395 4011 1447 4058 ‹10-

378 4109 462 4161 mum,
481 4096 633 4167 velfiatreo
651 4107 698 4143 etc.
719 4116 751 4131 ·-
771 4090 915 4160 centuplum
934 4091 1058 4158 accipiet..
1092 4082 1175 4158 Quotl
1202 4085 1238 4144 ad
1267 4083 1447 4164 rhythmum,

378 4181 461 4255 putes
490 4181 604 4252 poetam
622 4168 787 4248 scripsisse
815 4168 923 4228 lesus
953 4165 1142 4233 Christus.
1198 4167 1332 4228 Continet
1368 4165 1445 4226 euim

378 4275 467 4339 prosa
487 4266 616 4336 quatuor·
630 4256 777 4315 cantiones
798 4263 921 4332 quatuor
937 4252 1121 4331 stropharum
1144 4253 1262 4322 (6-9.
1283 4249 1446 4331 14-17.)

379 4352 409 4404 et
428 4341 459 4402 in
479 4341 582 4422 quavis
603 4341 724 4418 stropha
742 4337 873 4420 syllabas
894 4337 1041 4403 tredecim.
1088 4336 1119 4401 9.
1146 4337 1208 4396 dies
1236 4345 1372 4396 testatore
1400 4334 1447 4394 in·
1562 4408 1565 4413 .

378 4425 479 4505 tellige
494 4426 630 4488 festiuum
644 4424 721 4484 diem
740 4422 771 4483 in
792 4423 931 4484 bonorem
945 4421 977 4484 S.
993 4419 1087 4496 Galli,
1110 4441 1193 4497 quem
1209 4420 1356 4481 celebrare
1377 4437 1448 4479 con·

380 4519 537 4575 sueverunt
566 4507 709 4571 monaehi.
754 4508 803 4574 ll.
832 4506 947 4588 Optime
975 4505 1130 4567 historicae
1157 4504 1230 4566 artis
1246 4504 1345 4565 lumen
1365 4501 1447 4581 illud,

379 4595 504 4660 loannes
529 4593 658 4657 Mueller
684 4590 782 4656 omnia
809 4611 883 4672 quae
905 4591 995 4655 ad-S.
1017 4589 1096 4652 Galli
1124 4587 1389 4670 peregrinationem
1418 4599 1447 4650 et
1499 4666 1501 4673 Ι
1527 4654 1529 4679 Β
