3750 5400
758 677 985 770 mo.

393 856 467 917 haee
488 855 607 917 latronis
629 859 762 935 prerilrus
859 856 932 918 Mox
956 857 1102 917 desolatus
1124 858 1256 937 angitur,

382 940 444 1019 unis
465 942 543 1011 lavet
564 942 698 1017 annilius,
860 941 1023 1021 Martisque
1045 942 1122 1002 lucta
1140 942 1300 1022 frangitur:

382 1045 405 1084 m
429 1025 606 1117 pollicend03
861 1028 886 1087 0
908 1026 971 1086 Eli!
994 1024 1181 1087 attineant

382 1109 496 1171 raradisi
517 1110 643 1188 gloriam
683 1139 685 1150 ν
861 1110 922 1171 Cur
943 1108 1117 1189 derelinquis
1135 1109 1301 1190 hominem,

382 1194 491 1273 tuream,
513 1194 564 1258 tibi
585 1193 719 1278 gratiam¹
860 1194 1018 1263 Doloribus
1039 1193 1220 1255 exanimem!
1336 1202 1338 1206 '

382 1287 440 1345 utor
461 1280 537 1341 hano
558 1279 702 1359 impendo.
863 1278 888 1340 0
909 1278 1007 1357 Deus,
1027 1276 1107 1340 Deos
1129 1276 1227 1340 meos!

382 1454 492 1508 natrem
515 1446 760 1525 amantissimam,
862 1448 932 1507 Post
954 1446 1048 1525 flagra
1069 1447 1185 1506 tandem
1206 1444 1297 1505 ellera

382 1552 401 1593 o
424 1531 528 1592 trabali
549 1531 715 1611 proximam
862 1532 1037 1605 Tormenta,
1060 1540 1161 1610 sputa,
1184 1530 1318 1605 rrrlreru,

382 1635 474 1678 tersus
493 1616 536 1677 sie
557 1616 705 1694 profatur,
863 1614 991 1676 Clamatr
1012 1616 1066 1676 Est
1088 1623 1334 1689 rorrsummatnm‚

382 1700 479 1778 ilium,
502 1702 580 1762 huno
601 1700 717 1780 auoipe,
864 1699 890 1760 0
910 1700 998 1761 Pater
1017 1695 1074 1778 uri,
1094 1700 1170 1778 quod
1193 1700 1325 1777 periero,
1403 1739 1405 1741 -

382 1795 496 1848 matrem
519 1786 605 1856 istam
627 1785 758 1864 suscipe,
864 1783 948 1858 Quod
971 1784 1129 1844 moriturus
1151 1783 1267 1858 offero·,}

382 1869 491 1949 lpulum
513 1867 629 1935 affatur.
863 1866 910 1929 Sil
930 1868 1130 1936 holocaustum
1153 1876 1258 1934 ratum.

391 2034 464 2099 diris
484 2036 659 2098 cruciatibus
726 1995 742 2088 ,⁸
865 2036 920 2099 His
941 2036 1031 2122 dictis⁸
1047 2043 1159 2115 patrem
1180 2034 1334 2115 reverens,
1383 2071 1386 2076 ·

382 2121 464 2184 „axiis
485 2120 633 2184 doloribus
866 2123 911 2184 Ad
933 2120 1030 2199 ipsum
1051 2128 1118 2182 rota
1138 2118 1296 2198 referens}

382 2206 501 2274 minatus
522 2205 645 2277 elamat3
865 2208 909 2268 Ad
932 2216 1053 2283 metam,
1075 2203 1167 2279 dixit,
1189 2207 1292 2284 mado,

382 2290 460 2351 altior
481 2290 590 2353 doloris
611 2298 655 2351 est
867 2291 909 2352 Ad
933 2290 1066 2352 ultimum
1088 2289 1263 2368 anhelitum,
1291 2323 1293 2330 ·

382 2372 391 2434 r
412 2374 492 2451 sitis,
514 2384 541 2435 et
561 2374 671 2437 amoris
690 2385 753 2454 est,
867 2375 899 2435 ln
921 2392 1026 2436 manns
1048 2384 1113 2436 tuas
1134 2375 1283 2452 spiritum,

382 2478 391 2519 a
413 2461 511 2521 muudi
532 2462 622 2524 vitam
643 2468 730 2523 amat.
867 2461 893 2520 0
914 2459 1079 2537 Paterni,
1100 2460 1277 2524 commendo.

606 2629 757 2688 Olrornol
779 2627 843 2688 lesu
867 2628 1004 2706 uulnera,

611 2713 760 2773 Contritus
780 2714 865 2772 eorde
892 2715 1035 2791 pondera,

610 2796 649 2858 Et
671 2795 759 2857 misor
778 2817 835 2858 non
856 2797 982 2876 peridis,

612 2880 669 2941 Sed
691 2881 766 2942 ritae
789 2893 854 2962 post
875 2881 996 2960 solatia,
1027 2887 1044 2919 ·'

609 2962 764 3027 Catulorum
787 2969 822 3027 ad
847 2967 956 3046 palatia
1052 3026 1055 3035 ,

612 3054 770 3112 Aeternum
792 3050 866 3113 lolix
887 3052 954 3116 ibis.

779 3238 928 3253 .—----·-

796 3397 918 3465 XXVI.

754 3541 808 3604 De
830 3543 953 3604 euclem.

382 3679 474 3724 xare
497 3654 661 3724 benedicta!
879 3663 904 3722 0
926 3667 1141 3731 sacrosanctum
1164 3661 1298 3743 lignum,¹

396 3756 424 3807 te
446 3742 588 3814 moreest
609 3742 737 3827 derlota,
878 3744 926 3806 'l'u
949 3743 1025 3808 vitoe
1047 3751 1162 3808 nostrae
1184 3749 1318 3826 signum,

382 3853 395 3892 u
417 3841 444 3892 te
466 3833 601 3912 pependit
622 3832 716 3910 Deua,
920 3830 1028 3893 Tolisti
1050 3832 1174 3903 lrrrotum
1197 3832 1308 3907 lesum,

382 3923 445 3994 tex,
467 3925 496 3976 et
517 3915 652 3978 Salvator
674 3936 765 3981 meus.
800 3942 803 3947 ’
919 3915 1047 3978 Humani
1069 3917 1164 3977 cordis
1185 3935 1303 3978 osma.-
1384 3993 1386 3997 Ι

390 4087 527 4146 arborum
548 4085 681 4165 Regina,
880 4084 958 4145 Dum
981 4083 1075 4145 cruris
1096 4081 1228 4143 inimicos

382 4170 431 4232 rtis
451 4169 608 4246 medicina,
880 4169 1020 4243 vorabis,
1042 4178 1070 4226 et
1091 4166 1216 4239 amieos,

382 4248 537 4316 'ressorum
560 4255 761 4334 es'levamen,
923 4254 949 4313 0
971 4254 1035 4312 lesu
1056 4249 1097 4310 fili
1118 4249 1190 4311 Dei!

382 4340 404 4401 lt
424 4337 550 4415 tristium
572 4337 711 4403 solamen.
921 4335 986 4414 Sis,
1008 4353 1076 4412 oro,
1098 4353 1208 4397 memor
1229 4335 1297 4400 mei.

788 4486 935 4502 Μ
