3750 5400
496 813 500 817 Ι
828 713 917 788 18⁷

357 937 384 956 ν
446 900 661 1004 CLXXVIII.
705 907 747 968 In
767 906 991 970 Exaltntione
1012 867 1157 971 &artolae
1178 906 1300 1016 Quoia.

394 1073 408 1086 ⁴
427 1046 554 1125 Serpens
571 1038 711 1124 ‘antiquus
734 1043 802 1105 risit
823 1044 854 1105 in
876 1044 958 1124 ligno
978 1053 1033 1107 eto.

805 1199 948 1207 ——-—-—--.

384 1324 396 1339 ,
428 1233 511 1330 Miss-
534 1264 716 1329 Petarienss.

446 1541 452 1552 '
492 1525 678 1596 CLXXIX.
720 1533 763 1597 Io
783 1515 1094 1615 Transfigurniiooe
1114 1532 1262 1595 Domini.

428 1671 585 1751 Speciosns
606 1670 701 1731 lormn
723 1687 792 1747 prae
814 1670 892 1732 notis
913 1671 1068 1732 mulierum
1090 1678 1145 1733 eto.

811 1824 955 1839 Μ

433 1875 519 1939 Miss.
548 1875 729 1939 Patariense.

380 2147 390 2155 ”
452 2147 484 2219 hl
504 2146 643 2209 Prosae
665 2166 758 2227 qnae
779 2146 929 2227 quidem
956 2146 1136 2207 versibus
1165 2143 1411 2223 longioribus

343 2230 612 2314 (hangzeileo)
633 2234 978 2313 compositaesnnt,
1000 2233 1138 2293 lrnlrent
1157 2239 1276 2289 tannen
1298 2226 1411 2310 ὁμοι-

343 2312 541 2381 οτέλευτα
559 2318 692 2380 ordine
715 2319 868 2400 quodam
896 2316 1146 2380 recurrentia.
1159 2313 1190 2394 l)

800 2476 967 2543 cnxxx.
1000 2487 1002 2492 ·

738 2621 793 2683 ne
815 2620 850 2683 s.
871 2618 1026 2681 Aaron.
1130 2581 1134 2589 ’

395 2740 424 2807 Ι.
467 2740 552 2802 Alme
580 2743 729 2804 confessor
762 2750 790 2801 et
818 2739 966 2820 professor
993 2737 1059 2798 fidei
1081 2737 1225 2818 triplicis,
1254 2758 1413 2820 aggressor
1487 2826 1489 2831 Ι
1582 2772 1584 2776 -

354 2823 448 2886 lurtee
470 2834 498 2884 ot
519 2831 641 2888 evictor:

337 2992 343 3005 Ι
394 2924 425 2995 2.
466 2924 586 2991 Herenni
607 2946 775 3005 possessor,
796 2925 881 2989 Penii
903 2944 1070 3003 soeeessor,
1093 2924 1168 3005 legis
1189 2925 1337 3004 dilatator,
1358 2927 1414 2989 rni-

354 3009 428 3072 reris
450 3012 628 3089 consolator,
650 3012 786 3073 virtutum
806 3021 900 3087 sotor,
923 3030 1079 3090 aegrorum
1101 3019 1225 3072 curator.

393 3104 425 3176 3}
466 3113 589 3191 Antoni,
609 3112 714 3175 indolis
736 3111 848 3190 clarae,
872 3111 993 3187 nobilis,
1014 3109 1063 3188 qni
1084 3109 1204 3173 novenis
1224 3113 1278 3171 snb
1300 3111 1345 3174 lis
1360 3131 1413 3187 an,-

354 3195 399 3257 nis
421 3206 541 3276 paterna
562 3198 681 3278 praedia
701 3196 828 3260 minimis
850 3193 958 3258 Christi
981 3193 1160 3258 distribuisti.

395 3295 428 3360 4.
471 3297 528 3374 Qui
556 3287 632 3361 inter
658 3309 788 3360 sanctam
816 3299 1016 3378 desponsatam
1040 3295 1156 3362 Christo
1187 3305 1301 3376 gratnm
1325 3286 1415 3378 virgi.
1522 3324 1530 3335 ·

356 3380 452 3443 nalem
472 3384 618 3445 eohortem
640 3393 719 3446 tuam
742 3382 966 3462 pnlrlrerrinrnm
987 3401 1118 3441 sororem
1138 3381 1257 3443 locasti:

396 3484 427 3546 ὁ.
470 3485 595 3564 Aegypti
617 3485 698 3547 tetris
723 3484 752 3545 in
773 3481 920 3562 speluncis
946 3491 975 3542 et
1002 3480 1120 3543 lntelrris
1141 3493 1241 3544 contra
1269 3485 1414 3563 mnndum,

356 3565 495 3630 Satanan
516 3572 688 3649 rnrnomque
710 3569 857 3651 propriam
879 3568 993 3629 fortiter
1014 3567 1140 3635 certasti.
1199 3574 1201 3579 '

395 3668 428 3732 6.
471 3668 586 3745 Quint
614 3670 708 3732 virilis
736 3668 846 3731 Christi
874 3668 958 3749 pugil
985 3678 1013 3729 et
1047 3668 1137 3747 quiris
1170 3669 1201 3731 in
1227 3671 1283 3733 hoe
1309 3671 1415 3752 tripliri
1468 3737 1471 3747 ,
1555 3708 1557 3715 ·

357 3752 489 3816 oonliietn
512 3755 622 3817 oerrios
644 3755 674 3816 in
695 3755 805 3817 eoelum
827 3764 961 3834 protensa
982 3752 1054 3815 mire
1076 3755 1269 3836 triumphasti.
1354 3770 1358 3777 '

398 3856 431 3918 7.
451 3844 454 3851 ¹
474 3856 531 3934 Qui
558 3856 693 3920 affamine
713 3854 822 3918 Christi
850 3856 881 3918 in
909 3854 1063 3917 certamine
1088 3856 1143 3918 hoo
1170 3876 1340 3937 responsum
1367 3874 1417 3918 ao·

359 3940 483 4022 eepistit
498 3962 549 4022 per
570 3944 668 4003 orbem
691 3943 796 4004 laeinm
814 3941 981 4003 universnm
1002 3949 1030 4001 te
1049 3941 1203 4003 nominari.

398 4043 428 4109 8.
473 4043 530 4120 Qui
553 4042 597 4104 bis
618 4064 720 4106 norem
742 4041 924 4104 monasteriis
946 4039 1063 4102 strnetis
1084 4041 1114 4103 in
1134 4041 1258 4119 Aegypti
1283 4039 1416 4101 terminis

359 4127 465 4189 mirum
486 4130 516 4190 in
537 4130 653 4190 modurn
668 4127 759 4190 Panlo
775 4127 904 4208 sepulto,
925 4125 1147 4206 praedicationis
1158 4127 1246 4185 verto
1265 4125 1301 4183 nl
1313 4108 1418 4184 lintres
1511 4170 1518 4180 ,

359 4213 434 4274 laeto
455 4212 656 4293 paternaliter,
677 4214 731 4275 suh
752 4222 862 4274 secreto
884 4210 1031 4292 sepultus,
1053 4211 1186 4272 inventus
1201 4205 1416 4288 mysterialiter:
1526 4238 1528 4243 ·

360 4349 661 4365 m*

365 4450 370 4455 -
426 4413 456 4480 ³⁸)
474 4417 544 4466 Huic
563 4416 650 4468 ordini
677 4432 708 4468 ea
726 4434 833 4484 quoque
851 4415 968 4466 earmina
986 4411 1168 4475 adiunximus,
1187 4429 1255 4479 quse
1272 4420 1419 4480 sequuntur

364 4485 517 4556 rhythmum
529 4503 559 4535 sc
574 4485 681 4536 modum
699 4486 854 4535 Prossrum:
872 4480 1136 4542 Laetnbundus,
1160 4480 1337 4532 Victimae
1354 4482 1419 4533 Pa-

365 4553 494 4634 schali,
525 4553 645 4606 Mittit
670 4551 712 4605 ad
735 4552 925 4621 virginem,
948 4549 1037 4602 Veni
1060 4559 1195 4614 sancte,
1221 4548 1339 4602 Mundi
1362 4568 1419 4604 re·

364 4632 519 4675 ueratro·
957 4642 961 4651 ·
