3750 5400
799 753 808 765 ·
899 727 958 805 ss

885 779 890 802 1

456 905 487 968 7.
530 901 579 974 Tu
602 913 685 985 porta
705 904 813 987 iugiter
834 914 946 984 seram,
976 924 1073 987 quom·
1093 905 1257 973 Eseclriotis
1286 928 1356 973 rox·
1372 918 1462 974 testa·

390 999 456 1067 tnr;
476 988 575 1050 Maria
597 988 652 1051 soli
674 989 736 1052 Deo
757 990 857 1070 pervia
879 1010 944 1053 esse
968 990 1103 1058 crederis.
1213 1033 1223 1048 κ
1420 1021 1424 1032 ·

456 1092 488 1153 8.
527 1089 587 1150 Seri
622 1098 651 1152 tn
695 1100 791 1152 taruen
832 1090 935 1153 matris
971 1091 1107 1153 virtutum
1138 1092 1206 1153 doru
1242 1091 1327 1154 notris
1362 1112 1462 1157 errem-
1564 1099 1566 1103 ’

342 1196 346 1206 ·
390 1174 599 1320 pinfflupisti
621 1176 836 1254 commendare,
859 1176 962 1239 subisti
985 1175 1143 1237 remedium
1172 1175 1294 1258 pollutis
1322 1170 1461 1242 statutum

390 1277 440 1321 ma
454 1279 477 1319 rr
518 1277 544 1323 s.
1368 1297 1380 1310 ·-

456 1359 487 1427 9.
528 1360 572 1421 Ad
603 1357 741 1438 templum
770 1341 897 1421 astutiori
926 1370 1020 1423 tecum
1042 1360 1249 1437 mundandum,
1271 1360 1319 1441 oui
1341 1341 1392 1424 tini
1416 1365 1472 1428 tu„
1560 1402 1565 1418 ·

391 1443 537 1526 tegritatis
557 1444 646 1505 decus
667 1442 747 1505 Deus
769 1443 859 1506 horna
887 1444 1005 1525 genitus
1032 1444 1169 1523 adauxit,
1193 1443 1299 1508 intacta
1317 1447 1458 1532 genitrix.

478 1541 530 1607 10.
573 1539 714 1627 Laetare,
734 1555 988 1623 quam-serutatur
1003 1544 1098 1606 cordis
1112 1555 1140 1607 et
1157 1564 1258 1607 renam
1275 1550 1376 1627 protrat
1389 1542 1459 1631 pro-

390 1627 457 1710 prio
477 1628 609 1690 habitatu
631 1625 820 1707 singulariter
840 1628 977 1708 diguam,
999 1639 1101 1690 sancta
1122 1628 1230 1693 Maria.

479 1732 528 1793 11.
571 1727 697 1804 Exultat,
719 1727 766 1788 turi
791 1745 900 1807 parvus
920 1726 1020 1789 arrisit
1041 1738 1123 1807 tunc,
1147 1728 1255 1809 Maria,
1285 1730 1333 1811 qai
1356 1732 1460 1796 lactari

391 1812 527 1877 omuibus
549 1822 577 1872 et
598 1811 757 1873 consistere
778 1831 831 1872 suo
854 1821 924 1876 nutu
946 1811 1055 1875 tribuit.
1082 1817 1089 1828 “

480 1913 530 1977 12.
574 1912 656 1992 Ergo
679 1911 785 1991 quique
807 1909 931 1973 colimus
958 1913 1033 1974 festa
1060 1913 1174 1992 parruii
1202 1912 1312 1977 Christi
1341 1927 1461 2000 propter

390 2018 447 2061 nos
468 1997 554 2077 iacti,
575 1995 696 2076 eiusque
719 1995 785 2074 piae
806 1996 908 2056 matris
927 1995 1052 2061 Mariae.

479 2096 529 2164 13.
570 2094 604 2156 st
618 2114 676 2156 non
690 2093 744 2158 ne
761 2104 1040 2174 portentuosum
1056 2077 1462 2187 sermocinatorum,

325 2223 329 2230 ›
390 2183 487 2246 forma
508 2180 547 2243 sit
567 2179 652 2240 nubis
671 2180 735 2241 eius
756 2176 895 2258 genitrix.
1469 2195 1473 2216 .

478 2279 529 2347 1⁴.
568 2281 653 2348 ,Laus
675 2278 748 2359 patri
770 2278 899 2359 gioriao,
922 2278 971 2359 qui
992 2298 1079 2344 suurn
1100 2281 1192 2344 filium
1215 2286 1352 2364 gentibus
1365 2298 1394 2351 ct
1407 2310 1461 2371 po.

391 2366 462 2447 pulo
484 2366 637 2441 revelans,
659 2363 751 2425 lsrael
773 2383 827 2425 uos
848 2362 950 2426 sociat.

478 2452 527 2515 lu.
570 2449 652 2510 Laus
673 2446 820 2524 cinctino,
842 2447 890 2528 qui
905 2468 959 2509 suo
974 2448 1117 2531 sanguine
1132 2469 1186 2512 uos
1198 2451 1277 2531 patri
1289 2455 1459 2536 concilians,
1562 2518 1575 2531 ,

392 2534 530 2617 superuis
542 2532 672 2624 *sociarit
693 2531 815 2594 civibus.

479 2638 530 2703 16.
551 2634 632 2698 Laus
654 2651 768 2715 quoqne
788 2622 889 2695 sancto
911 2630 1027 2713 spiritui
1048 2653 1102 2716 per
1123 2650 1238 2701 aarum.

861 2788 1004 2799 μ--α--υ

476 2872 636 2953 Sequentia
649 2884 748 2952 ¹supra
776 2868 872 2951 posita
899 2889 987 2953 quam
1016 2871 1092 2934 inter
1118 2872 1271 2955 Munianus
1298 2879 1464 2942 vetustissi-

391 2978 471 3023 mam
492 2978 552 3020 non
573 2959 637 3019 sine
659 2956 722 3017 iure
744 2955 865 3032 dixeris,
888 2955 945 3016 lroc
967 2957 1063 3036 ipsam
1084 2959 1264 3038 antiquitatis
1285 2981 1390 3024 nomeu
1406 2965 1463 3044 pia.

392 3043 516 3106 mutius
536 3051 564 3102 ct
584 3042 749 3117 moderata,
774 3049 805 3099 ut
825 3039 866 3101 ita
888 3038 1000 3118 dicam,
1028 3042 1128 3101 heatae
1157 3043 1281 3122 virginis
1300 3050 1463 3111 reverentia
1540 3101 1542 3109 ,

393 3126 678 3208 comprobatusque
699 3124 791 3185 aliam
812 3123 904 3202 spirat
926 3143 998 3203 erga
1016 3123 1143 3186 Mariam
1165 3126 1299 3188 affectum
1329 3130 1386 3192 nisi
1412 3133 1462 3209 qai

360 3273 366 3290 ,
393 3208 584 3291 evangelicae
619 3206 767 3268 doetrinae
800 3205 952 3287 aptissime
984 3209 1146 3270 concordet.
1190 3207 1342 3272 consentit
1377 3225 1463 3295 pocta

392 3316 458 3357 curn
481 3294 609 3355 Lutirero
631 3290 681 3372 qui
702 3288 829 3352 Mariam
849 3289 979 3368 appellat
999 3290 1079 3368 „das
1100 3291 1209 3355 edolate
1230 3293 1357 3358 Kleinod
1385 3301 1462 3362 nach

390 3374 510 3441 Glrristo
532 3378 561 3437 in
583 3377 636 3436 rler
656 3394 767 3456 gaunon
784 3372 1021 3442 Christenlreit.“
1062 3375 1151 3439 Vides
1172 3375 1258 3439 otiam
1281 3398 1318 3440 ex
1340 3383 1462 3462 stropha

390 3460 577 3538 duodecima,
604 3457 725 3520 Festum
747 3456 961 3520 Puriticationis
989 3477 1027 3520 ex
1049 3458 1170 3522 Notkeri
1199 3463 1342 3526 sententia
1369 3467 1462 3530 inisse

390 3565 449 3607 non
470 3548 565 3625 sotum
588 3542 618 3604 in
641 3542 755 3605 Mariae
777 3542 1077 3606 commemorationem
1101 3543 1277 3608 celebratum
1303 3549 1353 3610 scd
1377 3569 1477 3630 praa.

391 3629 477 3710 cipue
500 3629 530 3690 iu
558 3628 699 3690 honorem
726 3626 870 3707 „parvuli
898 3625 1045 3690 Christi.''
1086 3628 1170 3706 Quae
1200 3631 1353 3709 posteriori
1388 3645 1463 3698 tam·

391 3733 463 3796 pure
484 3715 521 3775 ad
543 3712 672 3774 Mariam
693 3710 801 3772 directa
820 3720 888 3772 sunt
908 3709 1019 3772 carrnin
1041 3731 1099 3774 non
1128 3713 1235 3792 ubique
1256 3714 1286 3775 in
1309 3728 1463 3783 retustaua
1490 3727 1495 3734 “

389 3798 445 3861 iiia
471 3797 658 3876 simplicitate
687 3796 891 3861 consistebant.
927 3793 985 3855 Sed
1008 3804 1190 3859 transcamus
1212 3800 1248 3859 art
1268 3799 1397 3880 singula.
1420 3837 1463 3852 ·-

389 3883 421 3945 2.
442 3881 487 3946 Μ.
509 3885 541 3945 5.
568 3881 600 3946 6.
635 3880 836 3945 Abraham.
874 3880 927 3946 so.
956 3878 1044 3944 Ture.
1073 3882 1208 3947 Atrrae.
1267 3883 1298 3948 3.
1321 3886 1465 3950 Omittuut

388 3966 466 4028 hauc
496 3965 659 4045 stropham,
679 3964 723 4027 Μ.
754 3967 784 4035 6.
814 3967 863 4028 ll.
921 3963 952 4024 iu
981 3966 1043 4028 cod.
1070 3964 1115 4029 M.
1145 3963 1187 4029 10
1213 3978 1303 4033 cast.
1329 3980 1463 4036 mente.

390 4049 453 4110 Mo.
475 4049 734 4128 moribusque.
764 4053 794 4114 6.
823 4049 877 4110 Ad.
900 4048 988 4110 Torr.
1020 4050 1158 4110 Abrae.
1208 4051 1327 4118 6.·Μ.
1349 4056 1399 4120 11.
1427 4063 1463 4117 ts

388 4132 514 4215 virgo.
534 4133 577 4199 M
592 4135 624 4201 6.
645 4136 695 4200 11.
719 4145 753 4194 te
776 4131 935 4212 figurat.
953 4132 994 4198 Μ.
1009 4134 1059 4200 10.
1079 4133 1136 4195 No.
1159 4133 1222 4200 Mn.
1241 4135 1467 4204 floridaBre

388 4229 477 4281 nato
501 4218 663 4295 iiorido..
697 4215 1222 4300 Ctpoetamteutonicamsc.122
1263 4241 1295 4289 ι..
1329 4240 1373 4291 m,
1404 4243 1464 4292 aa,

389 4304 452 4356 luite
470 4309 565 4356 Aaron
583 4306 637 4354 cirre
652 4317 740 4373 gerte,
769 4306 814 4356 oio
833 4303 1093 4372 gelrarmandalorr,
1120 4325 1199 4356 nuzze
1221 4305 1277 4356 also
1301 4306 1376 4358 edile.
1412 4310 1465 4361 Die
1583 4328 1590 4340 ⁸

389 4393 465 4424 susae
486 4373 547 4423 least
574 4375 611 4423 riu
632 4373 784 4436 carcerato,
814 4382 911 4421 muoter
935 4389 986 4422 arte
1020 4390 1125 4423 manner
1151 4383 1209 4435 rat,
1236 4386 1331 4424 sauma
1356 4374 1462 4429 Maria.

388 4440 423 4503 7.
444 4439 489 4502 Μ.
510 4439 542 4502 6.
565 4437 742 4517 perviam.
784 4437 830 4511 no
850 4436 950 4498 Maria
970 4435 1071 4499 clausa
1092 4447 1121 4500 ot
1141 4437 1305 4502 &conteris
1325 4441 1463 4506 vaticinia

388 4522 456 4587 ride
478 4522 517 4592 11.
544 4525 596 4597 16,
619 4521 759 4586 13-16
780 4541 808 4585 ιι.
854 4521 903 4586 10.
933 4522 987 4588 Ad.
1016 4520 1122 4588 cticnt.
1143 4523 1231 4590 Torr.
1260 4541 1302 4586 ac
1323 4545 1467 4593 renunt
