3750 5400
888 671 990 750 m
1054 739 1081 776 'a

436 907 440 914 .
488 849 721 916 Pulcherrimem
750 870 867 914 carmen
895 844 1040 931 reperitni·
1073 847 1104 911 in
1135 846 1271 929 plurimis
1295 850 1470 918 Germsmm

399 936 596 1016 Missalibusg
623 938 700 1017 apud
721 935 958 1014 clientarum,
985 934 1165 1012 auetpanu,
1186 933 1403 1005 'surrentinum
1427 974 1470 988 ·-

400 1024 436 1086 l.
458 1022 524 1101 Mg.
552 1042 592 1100 m.
622 1022 767 1082 merita.
824 1023 855 1085 4.
884 1022 937 1083 Ad.
967 1030 1057 1082 true.
1085 1018 1326 1097 pertulerunt
1349 1023 1397 1105 pt.
1427 1058 1471 1074 ..

400 1106 701 1168 eaesitorment.
730 1124 882 1185 genera.
938 1106 970 1170 6.
999 1104 1052 1168 ad.
1085 1103 1270 1166 victurum
1297 1126 1396 1172 cens.
1439 1110 1470 1176 7.

401 1191 539 1253 Ludecns
561 1200 643 1251 caute
665 1188 809 1254 correxit:
836 1189 971 1270 ipsam·
991 1207 1081 1267 erga
1110 1195 1187 1249 tota
1215 1191 1325 1252 carde
1345 1191 1468 1274 flagi·

402 1287 529 1337 temus
550 1274 740 1355 precibus.
784 1274 815 1339 8.
837 1274 887 1342 Pr.
910 1294 955 1337 ex
977 1271 1112 1355 patria.

865 1636 1016 1704 ccxlv.
1116 1695 1118 1708 .

658 1779 666 1804 '
707 1807 710 1812 ·
753 1777 808 1841 De
828 1777 943 1842 Beata
967 1771 1119 1859 Virgine.

404 1916 477 1981 l.0
499 1914 614 1984 felicem
636 1912 824 1993 genitricem,
959 1915 988 1980 5.
1001 1914 1058 1977 Hie
1078 1923 1197 1990 natura,
1226 1916 1365 1994 iraagcas
1385 1917 1450 1979 iura
1551 1995 1553 2000 ,

489 2000 582 2062 Cuius
604 2012 683 2060 casta
702 1998 815 2060 viscera
1044 2000 1126 2060 Nure
1148 2009 1243 2078 stupet
1262 2002 1377 2062 ordiner

369 2103 373 2108 ’
447 2084 584 2147 Meruere
609 2089 754 2156 continere
1001 2083 1111 2145 Rerum
1133 2104 1203 2146 usus
1224 2096 1267 2145 cst
1288 2087 1425 2146 exclusus

491 2169 691 2230 Continentem
713 2167 820 2232 emnia.
1042 2169 1075 2229 lu
1098 2167 1239 2246 praesenti
1261 2168 1389 2250 virginer

401 2305 437 2367 2.
449 2303 536 2365 Felix
558 2317 657 2364 venter
677 2324 732 2382 qtae
753 2302 907 2363 elementer
957 2302 1029 2367 6.0
1049 2302 1180 2364 mamilia
1201 2302 1282 2365 euius
1303 2303 1388 2367 stilla.

488 2388 570 2449 Dens
591 2390 715 2448 formam
736 2385 843 2465 induit,
1000 2431 1007 2460 ,
1042 2387 1110 2447 Fuit
1131 2388 1193 2448 eius
1215 2390 1371 2467 patratum,

447 2472 535 2534 Feiix
558 2483 658 2554 peetus
680 2472 709 2532 in
732 2492 787 2551 quo
809 2480 899 2531 tectus
1001 2473 1057 2549 Qui
1074 2474 1120 2532 dat
1136 2482 1228 2532 terrae
1243 2475 1364 2535 ferretum
1380 2476 1456 2535 serre

490 2557 558 2620 Rex
580 2557 715 2619 virtutum
737 2555 830 2621 datrdt.
1042 2556 1139 2646 Pasa
1160 2575 1244 2617 omne
1265 2559 1423 2625 saeculam.

402 2691 436 2760 3.
448 2689 539 2755 Felix
556 2692 656 2769 alens,
679 2714 733 2772 qua
755 2688 785 2753 fit
804 2691 905 2754 salvus
959 2692 988 2758 7.
1006 2691 1030 2755 0
1052 2691 1149 2753 Maria
1168 2703 1260 2754 mater
1280 2692 1346 2773 pia,

490 2775 584 2839 Home
607 2779 707 2847 frande
731 2779 876 2859 perditas,
1042 2777 1125 2838 Finis
1147 2789 1175 2861 et
1197 2779 1347 2840 exordium
1354 2824 1383 2855 ,.

451 2859 538 2921 Felix
561 2861 642 2923 sinus
667 2872 721 2941 qum
744 2863 858 2937 divinus
1001 2861 1092 2923 Pasce
1114 2864 1229 2940 natam,
1251 2874 1281 2923 ut
1301 2874 1429 2944 optatam

489 2945 644 3026 Requievit
663 2947 792 3026 spiritus.
1041 2945 1098 3008 Det
1119 2947 1201 3008 nabis
1222 2949 1388 3013 remedium.
1467 2982 1469 2987 ·

401 3079 515 3144 telae
536 3081 566 3141 in
587 3082 671 3145 doma
691 3080 772 3143 Deus
791 3083 877 3144 home
958 3087 989 3150 8.
1003 3084 1067 3162 Qua
1088 3082 1181 3144 sanati
1203 3081 1323 3143 sanciati

489 3165 568 3227 Fieri
588 3165 744 3243 disposuit:
923 3178 929 3189 '
1042 3170 1112 3230 Siue
1134 3169 1218 3228 sorde
1236 3167 1388 3231 rainerum

445 3249 504 3312 Hic
523 3252 682 3312 abscensus
698 3251 762 3331 pius
780 3272 905 3330 spunsns
999 3254 1226 3316 Transieramur
1243 3262 1271 3312 et
1292 3254 1430 3316 ducamur
1453 3284 1456 3289 ·

444 3381 459 3395 .
488 3334 601 3398 Noram
623 3334 745 3398 formam
766 3336 866 3400 induit
1042 3339 1073 3399 tn
1095 3350 1258 3399 sanctornm
1277 3358 1440 3404 numerum.

865 3491 1011 3502 ---.-....

490 3587 606 3667 Optima
640 3592 733 3651 Prusa
767 3589 934 3670 punitura
968 3592 1083 3653 Missali
1113 3593 1255 3674 Pragensi
1292 3594 1322 3656 in
1358 3596 1467 3660 Octava

402 3672 601 3750 visitationis,
626 3692 666 3734 ra
699 3675 914 3754 Nnmburgensi
951 3673 1052 3737 Officio
1091 3679 1190 3739 beatae
1223 3679 1354 3759 Virginis
1395 3693 1467 3744 tem·
1497 3724 1512 3751 p

401 3757 684 3905 porgtdscensiuuis
713 3761 889 3840 peragenda.
924 3796 963 3808 -
997 3765 1025 3828 l.
1043 3762 1099 3827 Nb.
1120 3764 1192 3844 pia.
1241 3767 1270 3831 6.
1292 3767 1365 3830 Paul
1391 3767 1466 3830 Ger·
1553 3776 1554 3779 ’

424 3861 457 3904 ar
495 3864 503 3907 ε

556 3943 603 4004 Du
624 3944 725 4005 kehrst
748 3943 776 4004 in
798 3947 924 4007 freinder
943 3946 1088 4027 Hausung
1109 3950 1172 4027 ein,

556 4029 620 4090 Und
643 4029 706 4089 sind
726 4033 797 4091 durh
818 4032 875 4091 alie
896 4031 1025 4093 Hirnmel
1047 4035 1128 4107 dein,

541 4112 678 4173 'Triukst
698 4113 791 4176 Milan
814 4135 867 4176 ans
889 4117 970 4176 eines
992 4117 1150 4180 Mense-hen
1175 4121 1261 4182 Brust

555 4195 622 4257 Und
644 4198 699 4258 bist
720 4200 791 4260 doch
814 4201 888 4261 alter
910 4202 1006 4283 Engel
1027 4203 1109 4265 Lust.

400 4311 479 4375 Sane
500 4334 570 4374 vera
598 4314 667 4377 iliud
696 4320 890 4380 mamillarum
913 4332 997 4400 atque
1020 4325 1139 4380 rainerum
1168 4321 1367 4403 praeconium,
1397 4344 1463 4404 pcr-

402 4417 490 4479 saepe
505 4399 686 4483 indrynam,
710 4404 874 4482 Sequentiis
888 4417 972 4486 atque
987 4406 1097 4467 Officiis
1119 4411 1217 4467 treatac
1233 4407 1363 4484 Virginis
1378 4430 1457 4488 repe-

402 4482 483 4544 titum
506 4485 591 4545 habet
621 4486 745 4548 indecori
773 4488 838 4566 qnid
861 4499 946 4568 atque
974 4492 1164 4553 inverecundi.
1209 4497 1318 4553 Ausara
1338 4495 1413 4554 dedit
1434 4506 1461 4555 et

402 4565 452 4629 itte
479 4588 582 4636 sacrae
609 4573 768 4652 scripturae
799 4574 972 4638 versicutnsr
999 4581 1115 4638 Beata
1143 4580 1260 4641 ubera
1287 4600 1378 4659 qnae
1400 4601 1461 4642 sn·
