3750 5400
931 628 1192 723 .ὔθ.,
1299 586 1369 754 'x'

528 837 560 903 4.
603 835 668 899 Nou
688 840 865 896 trestameu
887 827 927 890 elii
949 837 1034 907 suut,
1059 828 1131 890 dous
1155 831 1243 888 aecus
1264 819 1369 903 unuss'
1383 821 1427 885 sio
1454 830 1539 901 pater

466 919 725 998 Dominus-filins,
747 917 922 998 spiritusque
946 924 1074 977 sauctus.
1412 934 1415 940 ·

531 1026 562 1087 5.
606 1020 773 1102 Prodrietas
793 1017 823 1079 in
846 1014 1091 1099 personisuuitas
1112 1012 1207 1075 estin
1229 1007 1370 1073 essentia:
1473 1037 1475 1041 ·

501 1117 511 1124 ’
527 1126 558 1187 6.
599 1114 742 1184 Maiestas
755 1140 809 1201 par
824 1129 851 1182 et
867 1126 1008 1199 potestus,
1031 1101 1241 1195 decussluonur
1259 1131 1349 1192 aeque
1364 1131 1417 1193 peu·
1430 1110 1538 1173 omnia.

528 1226 559 1291 7.
600 1223 704 1284 Sidera
724 1222 827 1284 maria'
836 1221 1002 1299 continens,
1023 1209 1096 1281 aiva
1108 1216 1197 1278 simul
1219 1223 1246 1275 et
1266 1213 1403 1276 universa
1417 1203 1539 1279 conditu.

528 1325 561 1392 8.
600 1324 695 1401 Quem
722 1334 849 1385 tremunt
868 1320 959 1403 impia
988 1310 1114 1397 tartaea,
1151 1318 1220 1380 colit
1256 1335 1368 1397 quoquo
1398 1334 1483 1396 quem
1511 1327 1540 1375 et

470 1412 593 1493 abyssus
616 1409 726 1472 infima.
1086 1437 1089 1443 ·
1204 1443 1207 1450 ·

396 1555 401 1564 ι
456 1511 563 1655 Mlti.
606 1508 692 1573 Nune
720 1506 814 1571 omnis
848 1527 908 1571 vox
942 1517 1027 1588 atque
1061 1506 1164 1585 lingua
1196 1505 1320 1580 lanatae
1349 1503 1427 1585 laune
1453 1499 1539 1561 laude

514 1613 583 1758 1101,
609 1695 702 1771 Quem
725 1694 823 1756 laudnt
844 1691 888 1755 sol
909 1700 995 1770 atque
1016 1691 1103 1769 luna,
1125 1649 1252 1780 diguilus
1273 1688 1374 1749 adorat
1395 1682 1540 1765 angelica.

500 1797 567 1940 ’111
589 1792 703 1858 nune*
715 1816 815 1858 omues
837 1794 993 1878 iubilemus
1014 1793 1170 1855 altithrono
1185 1789 1300 1852 domino
1314 1789 1415 1850 laudes
1433 1788 1464 1847 iu
1486 1792 1541 1848 ex'-

473 1900 505 1939 ee
518 1900 574 1942 sus:

482 1980 567 2125 ,¹12.
607 1978 663 2041 Eia
693 1991 721 2039 et
748 1980 805 2040 Eia
833 2001 933 2042 omues
955 1979 1043 2043 simul
1066 1978 1247 2039 modulemur
1268 1973 1408 2054 organica
1427 1972 1541 2035 cantica

471 2064 548 2125 duci
570 2065 703 2128 melodia.

515 2165 564 2234 13.
607 2166 816 2227 Ooeuerauda
837 2166 947 2238 unitas,

514 2266 564 2328 14.
609 2266 803 2327 Oadoeanda
825 2264 973 2324 Trinitas:

414 2425 417 2437 ,
514 2370 565 2430 15.
607 2367 664 2427 Per
686 2376 713 2425 te
736 2386 836 2426 sumus
858 2363 967 2441 cecati,
991 2384 1062 2427 vera
1084 2363 1254 2425 aeternitas}

515 2469 565 2535 16.
605 2468 663 2528 Per
685 2477 711 2527 te
733 2486 834 2528 sueinus
857 2466 1013 2547 redempti,
1034 2477 1196 2529 summale
1219 2464 1334 2528 caritas.

511 2569 564 2655 17.
606 2566 752 2648 Populum
779 2576 912 2648 cunctum
943 2577 973 2627 tu
1008 2579 1145 2652 protege,
1179 2568 1281 2643 salva,
1317 2567 1424 2643 libera,
1458 2544 1539 2647 eripe

384 2652 655 2726 o'etemuuda.
722 2725 724 2728 .
1371 2653 1373 2658 ’
1451 2649 1456 2656 ’
1570 2671 1572 2676 ·

498 2755 565 2900 Ι18.
608 2753 653 2835 Te
680 2754 835 2817 odoramus
862 2751 1063 2834 omnipotens,
1089 2755 1141 2828 tili
1162 2722 1310 2836 cauimus,
1340 2754 1391 2815 uui
1421 2720 1487 2841 laus
1511 2722 1539 2813 el
1577 2774 1581 2780 ·

510 2857 585 2902 urea
1469 2862 1474 2883 ··
1556 2851 1565 2868 ‘

416 2995 425 3007 ,
477 2859 498 2920 g
519 2941 568 3007 19.
609 2938 667 2999 Per
688 2936 799 2999 infinita
820 2937 939 3000 saccula
960 2938 1154 3004 saeculorum.

930 3096 1079 3108 ——-

557 3192 623 3255 Non
643 3203 719 3254 reete
741 3191 875 3273 agimuS,
903 3193 928 3254 si
950 3195 1027 3255 hanc
1047 3194 1233 3276 Sequentiam
1256 3199 1329 3258 leste
1355 3193 1387 3260 S.
1406 3152 1539 3254 ’1111ιὶ18-
1594 3210 1596 3215 ·

475 3279 511 3340 tis
532 3277 680 3358 propriam
701 3277 844 3339 fuissene
865 3277 992 3358 primum
1019 3279 1050 3340 iu
1077 3284 1176 3343 eudem
1204 3300 1267 3344 esse
1293 3287 1437 3353 cantatum
1458 3278 1539 3338 arli-

373 3399 379 3406 -
474 3374 599 3424 uramur:
627 3362 685 3423 uun
715 3363 791 3424 euim
812 3364 884 3424 satis
907 3363 1012 3442 liquet,
1044 3385 1082 3427 ex
1104 3387 1228 3445 quodam
1250 3372 1378 3445 tempore
1400 3365 1472 3424 haec
1493 3363 1539 3422 fe·
1571 3410 1580 3416 .

475 3447 587 3507 stivitas
608 3447 639 3505 iu
659 3447 794 3506 Romana
816 3447 940 3507 eeclesia
962 3449 1073 3509 sanicula
1099 3451 1136 3510 sit
1163 3462 1190 3510 et
1218 3454 1536 3526 omullus-praccepta.

473 3528 588 3591 Etenim
610 3548 783 3608 quamquam
803 3528 975 3603 Benedictus
995 3531 1072 3593 XlV.
1101 3534 1130 3593 in
1160 3534 1233 3595 libro
1261 3538 1296 3594 de
1324 3535 1406 3597 festis
1428 3540 1536 3610 censet,

473 3612 694 3675 sollemnitatum
722 3612 804 3672 illam
831 3630 850 3672 a
877 3612 983 3673 Ioanne
1011 3615 1102 3682 Xllll.
1135 3637 1210 3678 auno
1242 3619 1324 3681 1334
1353 3621 1537 3679 coustitutum

425 3766 428 3771 Ι
474 3715 555 3773 osse,
574 3703 772 3774 tamenueque
793 3694 822 3755 iu
838 3695 954 3757 Missal.
975 3697 1074 3761 Vocet.
1088 3719 1115 3761 a.
1135 3704 1215 3765 1469
1229 3705 1319 3778 edito,
1339 3723 1392 3763 uec
1414 3703 1443 3762 in
1459 3701 1536 3762 Mis·

314 3780 321 3796 ⁸
411 3814 416 3825 ι
480 3779 534 3840 sali
565 3779 632 3845 Oed.
658 3779 807 3841 Minorem
832 3797 860 3840 a.
890 3782 971 3843 1482
1000 3783 1113 3845 Romae
1135 3787 1208 3846 edito
1246 3790 1337 3850 ullum
1377 3787 1458 3847 illius
1493 3788 1538 3847 lc-

473 3862 609 3925 stivitutis
630 3874 724 3924 exstat
744 3862 909 3942 vestigium.
937 3866 1060 3929 Missale
1083 3869 1203 3931 Eremit.
1227 3872 1258 3940 S,
1278 3871 1435 3952 Augustini
1459 3872 1533 3950 quod

365 3977 369 3985 f
476 3948 602 4030 ldenctiis
624 3967 651 4011 a.
668 3949 750 4010 1497
772 3949 801 4009 iu
823 3949 914 4010 lucem
938 3953 1060 4032 prodiit,
1082 3955 1154 4019 loeo
1173 3955 1266 4017 iulet:
1286 3959 1342 4033 „ln
1366 3956 1460 4036 prima
1474 3957 1537 4018 Du·
1587 3965 1589 3969 '

474 4033 582 4095 miniea
603 4041 667 4113 pust
686 4032 873 4095 Pentecosten
893 4035 924 4095 lit
947 4037 1073 4099 officium
1096 4050 1212 4103 sanotae
1235 4052 1262 4102 et
1282 4041 1445 4101 individuae
1463 4042 1535 4103 na-

471 4117 569 4180 nitatis
588 4138 652 4178 cum
672 4117 811 4180 memoria
824 4117 1001 4182 Dominieae.
1043 4123 1198 4186 Missam
1218 4127 1375 4207 require
1393 4125 1428 4183 in
1452 4127 1535 4187 fine

471 4202 555 4264 libri
578 4204 633 4285 ⁷ad
669 4203 823 4275 euticus
856 4205 1025 4268 missas.“
1079 4208 1111 4270 ln
1142 4209 1298 4271 Germania
1324 4228 1394 4270 sero
1422 4211 1533 4272 decime

470 4289 528 4362 iam
553 4287 668 4348 saeculo
690 4287 796 4349 iudicia
820 4289 906 4351 huius
928 4291 994 4352 festi
1016 4293 1111 4371 prima
1133 4294 1255 4355 inueniri
1280 4294 1412 4355 dicuutur
1433 4286 1460 4356 et
1481 4300 1556 4374 po-'

471 4382 533 4432 stea
569 4374 599 4433 iu
637 4372 768 4436 omnibus
804 4373 983 4437 dioecesibus
1018 4377 1098 4438 illam
1135 4381 1319 4442 festivitatem
1358 4378 1563 4442 relatiuam*

471 4475 535 4553 csse
555 4457 677 4534 seimus,
699 4459 739 4519 ita
761 4466 855 4518 tamen
884 4469 914 4519 ut
934 4463 1011 4540 apud
1041 4465 1196 4527 nouuuullos
1215 4465 1364 4546 (Magdola.
1385 4464 1531 4527 Halherst.

467 4538 560 4602 Mmd.
582 4561 606 4608 c.
629 4546 669 4623 a.)
701 4543 775 4605 seria
801 4545 924 4634 secunda
947 4557 1010 4625 post
1038 4546 1174 4612 Oetaeam
1199 4551 1383 4632 Pontes-ostes
1406 4571 1532 4631 perage·
1579 4582 1599 4602 ·-
