3750 5400
881 674 973 750 211
1045 674 1048 681 ’

382 847 610 926 ampliter-d.
636 847 682 912 Pi.
710 848 859 930 templo.
916 806 1006 932 Aug.¹
1029 853 1058 914 l.
1089 866 1187 912 nora
1220 852 1377 932 fulgens
1408 853 1457 915 iit

382 927 531 1010 gioria.
572 931 605 996 7.
626 932 704 1013 Aug.
726 932 815 1013 ipsi.
862 935 894 998 7.
922 934 954 998 8.
977 933 1166 1008 Notissimam
1185 936 1278 1014 tangit
1292 945 1390 1016 poeta
1411 937 1457 997 ia·

382 1013 504 1093 ΙιιιΙιιιιι,
525 1014 899 1120 eelebradssimaiiaiaeiis
920 1021 1033 1098 pictam
1054 1020 1200 1100 insignem
1212 1022 1251 1088 ri.
1262 1020 1301 1086 Η.
1313 1018 1456 1098 CCLXX,

381 1097 498 1162 5-8·
602 1153 696 1264 Virpa
716 1204 804 1265 qnam
824 1185 932 1248 sanetis
954 1165 1089 1247 manibus
1110 1187 1231 1266 gerebat
1298 1227 1301 1232 -

599 1268 739 1347 aridam,
760 1271 834 1331 mire
856 1269 951 1332 subito
972 1270 1120 1333 virescens

515 1397 526 1416 ..
599 1343 733 1434 Virginis
753 1363 895 1416 monstrat
916 1354 1031 1416 Mariae
1052 1353 1189 1415 maritum

896 1438 1047 1517 Virginem
1070 1438 1183 1518 ioseph.

380 1550 416 1612 Ιιι
439 1549 582 1614 hodierno
603 1552 743 1615 eeclesiae
756 1553 907 1617 Romanae
920 1553 1017 1615 officio
1038 1554 1128 1614 altum
1150 1561 1283 1614 serrator
1303 1554 1338 1615 ds
1359 1554 1455 1617 omni·
1573 1554 1575 1561 '

380 1636 441 1697 bns
463 1636 525 1698 illis
547 1638 761 1699 narrationibus
783 1639 946 1715 silentiam,
968 1658 1023 1698 neo
1044 1638 1102 1699 aiio
1125 1639 1209 1699 modo
1237 1638 1302 1697 sesti
1330 1639 1456 1701 materia

380 1728 526 1781 tractatur
547 1741 633 1801 qnam
656 1723 753 1784 vorbis
782 1723 898 1783 loannis
919 1721 1092 1784 Damasceni
1114 1722 1207 1800 (Leet.
1228 1720 1307 1802 lV.):
1325 1737 1356 1784 ln
1374 1735 1456 1786 lucem

381 1817 475 1855 autern
493 1809 578 1857 celitur
594 1811 620 1858 in
641 1812 714 1859 dorna
731 1812 880 1876 probaticae
898 1811 1013 1858 leat-irim
1037 1822 1113 1873 etque
1130 1811 1167 1858 ed
1183 1807 1304 1876 tctnplum
1321 1809 1456 1857 deducitur

381 1892 417 1923 tte
442 1876 535 1923 deinde
557 1877 584 1924 in
608 1879 681 1926 domo
705 1879 757 1926 Dei
777 1878 903 1946 plantata
928 1890 1005 1941 atque
1027 1896 1072 1943 per
1093 1879 1210 1941 spiritum
1228 1877 1354 1943 saginata
1373 1878 1411 1923 ins
1425 1894 1441 1923 (ι

381 1948 473 1999 olivae
483 1949 642 2020 frugiferae
658 1954 768 2002 omnium
787 1956 909 2003 virtutum
930 1952 1087 2002 domicilium
1106 1950 1261 2018 efficeretur·
1299 1942 1331 2003 9.
1347 1940 1395 2004 10.
1408 1888 1457 2002 i'ii

381 2024 510 2104 iitqna
532 2043 645 2090 saara
668 2027 834 2093 fiamine.
885 2030 963 2104 Aug.
988 2030 1015 2087 l.
1037 2042 1205 2105 perperam:
1226 2026 1342 2086 verba
1362 2043 1457 2104 qnae

381 2108 662 2255 iiidiiiioma
690 2121 728 2172 ut
755 2110 940 2210 dumille
969 2108 1130 2172 tradidit
1165 2110 1307 2205 modam
1341 2110 1457 2190 virgo

691 2387 860 2454 CCXXII.
903 2395 958 2457 De
985 2394 1020 2457 S.
1048 2391 1160 2455 Anna.

697 2513 779 2575 Coeli
801 2534 901 2593 regem
923 2512 1091 2575 attollamus

693 2600 731 2662 m
750 2599 780 2659 in
802 2618 889 2660 voees
908 2615 1096 2676 erumpamus

610 2724 613 2731 ·
694 2683 837 2745 [nandium
860 2704 911 2763 per
931 2682 1059 2744 centies:

694 2769 750 2845 Qui
773 2789 825 2849 per
847 2770 961 2829 Annam
981 2764 1095 2827 radiare

696 2852 784 2913 Sidus
805 2852 873 2912 feeit
896 2853 1024 2912 salutare

699 2936 732 2997 in
753 2946 845 2997 matre
867 2935 969 2996 deifica
990 2946 1042 2994 etr.

470 3122 560 3187 Miss.
581 3120 764 3186 Patarienss.

757 3364 760 3371 '
833 3344 1026 3413 CCXXIII.-

797 3476 852 3538 De
872 3464 1053 3555 Apostolisi

383 3597 412 3662 1.
427 3591 512 3654 Coeli
535 3592 628 3654 solem
650 3593 816 3671 imitantes,
943 3591 973 3657 3.
990 3592 1059 3652 inda
1080 3585 1175 3667 surgit
1198 3585 1226 3644 in
1249 3583 1424 3662 Matthiam,
1506 3612 1508 3617 ¹

427 3678 461 3739 in
482 3696 586 3739 oroosn
609 3677 820 3757 triumphantes
986 3677 1062 3738 Dum
1084 3674 1211 3735 ostendit
1233 3670 1259 3732 ei
1282 3669 1360 3730 siam
1458 3676 1462 3687 ¹

471 3762 575 3823 Ortum
595 3762 668 3823 soiis
688 3763 828 3825 offeruntt
1026 3758 1169 3822 Caelestis
1199 3755 1362 3835 praeconii:

427 3844 509 3906 Solis
531 3855 625 3907 ortum
649 3857 677 3906 et
699 3867 850 3925 oceasum,
970 3846 1100 3927 'Cyprus
1124 3845 1219 3922 surgit
1240 3841 1269 3901 in
1289 3841 1437 3899 doctorem

428 3930 561 4007 Quorum
585 3950 686 3993 omnes
708 3933 749 3992 ita
772 3951 871 3994 rasum
983 3931 1169 4003 Barnatrom,
1191 3929 1260 3987 olam
1274 3923 1331 3985 sibi
1352 3939 1449 3984 rorem

471 4014 585 4075 'I'errne
607 4013 679 4076 finos
701 4017 837 4083 referunt.
1030 4015 1128 4077 Stillat
1149 4007 1308 4090 evangeiii.

384 4132 894 4209 2.Peoom‚1²oulumetandreom
946 4134 977 4200 4.
986 4133 1109 4195 ioannes
1125 4139 1162 4192 'nt
1184 4137 1227 4190 ost
1247 4131 1368 4187 vocotus

388 4248 391 4253 >
426 4216 486 4277 Per
506 4217 672 4295 Neronem,
693 4240 745 4299 per
757 4223 889 4299 Aegram
988 4220 1034 4280 Ab
1056 4216 1173 4294 Epheso
1196 4221 1240 4271 est
1261 4205 1419 4302 translatos

471 4302 586 4380 Roma,
604 4302 711 4367 Patras
733 4304 892 4382 perimant:
1031 4302 1074 4361 Ad
1097 4295 1205 4358 Christi
1229 4291 1380 4352 convinne:

429 4385 563 4449 Herodes
585 4399 614 4449 st
636 4408 710 4468 gens
731 4388 868 4449 Hebraea
988 4383 1086 4447 Mauri
1110 4380 1251 4454 truoidnnt
1269 4371 1460 4445 Matthaenm,

428 4470 542 4533 ieootis
562 4482 592 4535 et
612 4472 644 4533 in
664 4472 771 4535 ledaea·
989 4471 1026 4531 Et
1050 4467 1109 4527 indi
1131 4461 1403 4531 Bartholomaeuna,

471 4556 555 4627 Binis
576 4557 668 4665 sitam
689 4557 829 4622 adimant.
1028 4552 1066 4613 Et
1087 4546 1264 4693 ΡΙιίΙὶιιιίῗιι1
1274 4540 1403 4624 Scythia.
