3750 5400
880 721 974 795 lus

400 896 450 959 11.
465 897 560 973 Quum
596 896 733 957 deductus
771 906 815 957 est
854 897 910 959 im·
955 897 1003 961 13.
1017 896 1138 978 Propter
1155 894 1304 959 homiuum
1327 906 1448 978 peecata

710 998 826 1042 mensus

462 1063 500 1124 m
513 1062 543 1124 iu
559 1083 643 1124 cruce
657 1071 725 1124 tuuc
742 1085 911 1146 suspensus,
1015 1065 1078 1126 Sua
1098 1083 1166 1125 caro
1188 1063 1317 1128 cruciate

462 1147 613 1228 Fugerunt
634 1148 778 1230 discipuli.
1016 1150 1084 1211 Fuit
1105 1149 1180 1210 iuter
1199 1152 1329 1217 verbera.

461 1232 571 1295 Munus
596 1234 689 1316 pedes
709 1235 912 1315 perfoderunt,
1017 1234 1152 1296 Memlrre
1172 1252 1227 1295 sua
1253 1246 1320 1317 suut
1340 1233 1467 1296 distenta

464 1316 502 1382 Et
514 1317 603 1381 'aceto
625 1327 796 1398 potaverunt
1017 1318 1140 1397 Propter
1160 1336 1266 1398 aspere
1287 1329 1431 1399 tormenta

402 1394 406 1404 ’
465 1400 616 1465 Summum
638 1422 738 1483 regem
757 1403 864 1466 seculi:
1018 1404 1056 1465 Et
1077 1401 1158 1464 illata
1181 1404 1310 1472 vulnera.

311 1605 325 1612 ,
403 1536 454 1604 12.
470 1535 562 1599 Cuius
584 1538 659 1599 oculi
680 1535 755 1598 lreati
956 1539 1005 1605 14.
1019 1538 1096 1598 luter
1116 1557 1238 1618 magnos
1258 1536 1404 1600 crrreiatus

466 1621 540 1683 Sruut
561 1622 592 1683 iu
613 1643 696 1684 cruce
718 1620 878 1699 obscurati,
1014 1623 1068 1684 Est
1089 1622 1117 1682 iu
1137 1643 1220 1682 cruce
1243 1624 1421 1703 lacrymatus

465 1707 504 1768 Et
526 1708 621 1768 vultus
643 1706 794 1787 expalluit.
1018 1707 1057 1769 Et
1078 1706 1173 1768 emisit
1191 1707 1334 1787 spiritum.

467 1790 528 1850 Suo
551 1792 663 1869 corpori
687 1803 755 1851 tuuc
774 1792 850 1860 uude
1016 1790 1204 1871 suspiremus
1226 1800 1254 1851 et
1273 1790 1411 1867 flamus,

467 1874 533 1935 Nou
561 1876 698 1936 remansit
722 1875 914 1955 pulchritudo,
958 1921 968 1938 r
1020 1876 1096 1936 'l'oto
1118 1876 1203 1936 corde
1222 1875 1373 1957 doleamus

465 1958 561 2019 Decor
582 1960 676 2022 amuis
695 1960 819 2040 aufugit.
1019 1958 1116 2040 Super
1136 1959 1330 2040 unigenitum.-

649 2098 699 2163 15,
712 2092 874 2172 crucifixe,
896 2094 943 2156 lac
964 2114 1010 2157 me
1033 2094 1151 2172 sortem,

712 2180 753 2242 Ut
775 2179 898 2239 libenter
919 2189 998 2241 tuum
1018 2188 1141 2241 martem
1180 2177 1183 2188 ’

713 2264 873 2342 Plautum,
893 2266 983 2325 ‹tonoo
1002 2264 1116 2329 vixero.

710 2349 823 2409 Tecum
844 2349 910 2409 uolo
933 2347 1079 2411 vulnerari
1087 2393 1100 2424 ,

712 2434 758 2495 Te
779 2432 903 2493 libenter
921 2432 1086 2512 amplexari
1157 2448 1159 2452 ·

619 2553 621 2558 ·
715 2518 748 2579 lu
768 2503 1016 2581 eruce'desidero.

860 2676 1018 2701 7--..

432 2821 434 2826 ,
488 2771 670 2851 Quamquam
704 2770 822 2833 tulimus
861 2770 959 2850 legem
988 2772 1163 2850 eandemque
1197 2769 1398 2851 servavimus,
1440 2783 1472 2835 ut

404 2852 458 2914 illa
487 2848 622 2918 carmiua'
645 2864 755 2917 tentum
783 2855 812 2916 iu
833 2857 1001 2917 thesaurum
1022 2865 1152 2917 nostrum
1173 2855 1371 2936 reciperentur
1399 2877 1472 2937 quae

406 2939 603 3000 ecclesiastiea
619 2941 800 3002 ..auctoritate
828 2940 986 3019 pollerent,
1020 2939 1120 3002 habuit
1154 2959 1204 3001 ac·
1223 2942 1341 3003 habebit
1375 2952 1472 3004 tumen

404 3020 458 3082 illa
479 3024 582 3103 regula
605 3027 788 3104 exceptiones
808 3024 838 3085 iu
857 3013 996 3085 luouo'rem
1020 3035 1048 3084 et
1067 3024 1197 3084 levorem
1210 3035 1377 3104 poetarum,
1399 3047 1471 3106 quos

405 3107 635 3188 praetermisisse
663 3111 728 3188 plus
754 3109 867 3170 crimini
894 3111 978 3172 uoltis
1008 3119 1167 3171 uerteretur
1195 3128 1282 3191 quam
1309 3109 1375 3189 ipsa
1395 3110 1471 3191 legis

298 3223 304 3234 1
406 3191 533 3256 violatio.
578 3193 669 3275 lgitur
692 3195 786 3255 locum
809 3207 902 3255 teneat
925 3215 1036 3275 quoquae
1058 3194 1091 3254 S.
1113 3193 1332 3272 Beneventum,
1352 3206 1471 3257 sauctae

407 3276 501 3338 crucis
523 3278 622 3340 laudes
645 3279 803 3341 effundens.
844 3279 984 3341 Dedimus
1006 3297 1123 3340 carmen
1150 3287 1234 3358 prout
1256 3277 1419 3341 invenimus
1440 3281 1471 3340 iu

407 3360 650 3429 Remurium,
672 3365 693 3427 1.
717 3387 745 3444 p.
768 3364 829 3427 315
852 3385 895 3443 sq.
946 3365 1026 3426 lurat
1056 3363 1186 3424 coulerre
1215 3383 1281 3424 eum
1302 3363 1357 3424 hoc
1378 3365 1472 3426 laudi·

366 3509 372 3517 ,
408 3463 471 3504 smo
495 3455 609 3508 cautum
624 3450 743 3509 Adurni:
764 3469 817 3508 noc
839 3458 865 3509 te
888 3450 981 3529 lugiet
992 3446 1129 3512 -ultimadr
1144 3449 1293 3530 stropham
1307 3449 1382 3512 mire
1404 3469 1474 3511 cou-

299 3530 303 3537 '
407 3527 507 3591 venire
529 3549 594 3592 cum
615 3532 708 3594 Prusa
727 3532 871 3614 lacopaui.

783 3805 1088 3816 m*-
