3750 5400
861 757 865 766 ·
961 711 1066 790 son

476 895 562 957 latet
586 893 663 955 caim
686 890 716 954 ia
736 891 785 955 lris
810 890 925 954 verinis:
950 892 1008 954 tllrl
1028 889 1185 955 Cheerrlu
1214 887 1418 970 et-Sereplie
1446 887 1550 951 lucre·

477 978 583 1041 sallLl
621 977 705 1041 voco
734 975 941 1059 proCLallont
961 995 1055 1038 auarus
1073 973 1226 1036 MDXVll.
1255 994 1312 1053 quo
1335 974 1463 1055 primum
1485 991 1551 1034 vero

478 1062 588 1126 christi
628 1062 698 1123 fides
732 1061 940 1140 emerseritli)
1004 1062 1066 1122 Hes
1104 1060 1228 1138 ineptias
1264 1058 1401 1137 permulti
1433 1060 1550 1139 probent

479 1167 519 1209 ox
547 1145 691 1226 theologis
718 1144 932 1211 vetustioribus.
956 1144 979 1205 1.
1000 1146 1035 1207 lt.
1059 1144 1201 1206 Heleliue
1229 1141 1259 1201 iu
1280 1142 1363 1205 Dies·
1385 1144 1422 1202 de
1442 1142 1548 1203 ultimis

480 1232 681 1311 theologorum
703 1228 800 1290 verbio
829 1251 857 1309 p.
879 1230 911 1291 4.
933 1240 1079 1307 nuncupet
1100 1228 1171 1287 illud
1195 1225 1361 1287 vaticinium
1401 1225 1551 1303 „adfflira-

480 1316 539 1376 lrile
572 1317 646 1394 quud
683 1323 727 1373 est
761 1317 837 1391 opud
876 1312 985 1376 Christi
1025 1312 1126 1374 lideles
1160 1310 1352 1371 admiratione
1391 1321 1421 1370 et
1455 1320 1549 1372 notott

478 1401 631 1480 dignnmt‘
672 1398 790 1459 Placent
811 1399 911 1459 cedern
941 1402 972 1458 ut
1002 1396 1077 1457 ulios
1103 1409 1233 1471 tareeru,
1268 1393 1386 1455 Wolllio
1416 1392 1447 1453 ia
1474 1394 1550 1455 loct.

481 1484 605 1549 Memor.
634 1482 669 1544 ΙΙ.
699 1501 733 1561 p:
758 1482 802 1545 78
829 1483 874 1548 ad.
904 1501 932 1545 e.
961 1483 1062 1555 15173
1089 1482 1209 1559 iusuper
1232 1477 1325 1538 adedit:
1367 1476 1485 1556 ,‚ai·rnt
1513 1476 1548 1555 pii

482 1568 537 1629 riri
575 1565 730 1645 incipiente
769 1564 898 1627 Lutlaero
936 1576 1036 1627 contra
1072 1583 1178 1645 poparu
1220 1562 1349 1623 surinus
1395 1573 1456 1622 tutu
1504 1562 1549 1619 do·

481 1671 561 1712 mum
600 1650 739 1730 angelos,
789 1651 850 1729 qui
889 1648 999 1728 prius
1033 1646 1269 1710 conticuisse
1304 1647 1549 1719 ridebuntur,

481 1736 517 1795 de
550 1734 663 1815 integro
694 1735 798 1794 iterum
826 1733 855 1794 iu
884 1733 986 1795 landes
1012 1733 1175 1813 erupissc.“
1230 1731 1288 1791 Sed
1311 1727 1550 1791 nttmnas‘lncr

484 1818 609 1881 ludibria
635 1827 663 1877 et
689 1836 763 1896 quoe
789 1837 864 1878 nuno
892 1816 1040 1897 utriusque
1069 1815 1210 1877 ecolesioo
1232 1814 1262 1874 in
1295 1814 1409 1874 ouutico
1429 1813 1547 1874 Anthro-

484 1901 567 1963 siouo
589 1903 765 1963 decantando
788 1901 827 1963 sit
849 1905 1024 1964 consuetudo
1057 1912 1084 1963 et
1106 1899 1260 1979 discipline
1281 1896 1452 1979 diligentius
1473 1897 1550 1957 turc·

484 1985 636 2066 stigemus.

568 2134 667 2197 Efficit
687 2137 835 2199 Ambrosii
856 2139 984 2218 hymnus
1005 2146 1117 2214 partem
1138 2132 1233 2194 Ollicii
1255 2129 1413 2208 Matutiui‚
1439 2128 1553 2192 interie-

484 2226 549 2280 otus
579 2220 726 2281 Noeturuo
756 2224 873 2300 proprie
903 2223 947 2280 sio
973 2221 1048 2278 dioto
1071 2229 1098 2279 et
1120 2218 1286 2292 Lettdilrus,
1314 2217 1355 2277 ita
1377 2224 1409 2277 ut
1430 2215 1554 2295 excipiat

485 2302 551 2364 luoo
580 2296 769 2381 Responsorii
798 2306 950 2365 lertiuueru
978 2322 1084 2364 nonam
1120 2300 1181 2383 (rel
1210 2301 1349 2379 tertiam).
1404 2299 1463 2367 Sed
1501 2313 1555 2359 uon

485 2387 611 2467 quotidie
633 2407 686 2467 per
707 2406 814 2449 euunrn
839 2388 985 2447 recitatur.
1027 2386 1067 2448 Ut
1094 2387 1196 2464 loquar
1223 2405 1289 2445 uum
1317 2384 1470 2445 Brevioriu
1498 2383 1555 2444 Ru-

486 2490 572 2534 mono
595 2470 735 2551 „Dicitur
756 2473 785 2532 iu
808 2473 942 2532 ourtrilrus
966 2471 1048 2531 lestis
1071 2488 1264 2549 perannum,
1287 2479 1345 2529 tara
1361 2467 1449 2528 trium
1473 2484 1555 2545 quan

442 2535 461 2590 ’-
485 2575 591 2618 uorem
613 2555 766 2617 lectionum
788 2566 815 2616 et
838 2577 891 2636 prr
911 2576 1012 2616 corum
1033 2554 1176 2631 Octavus,
1198 2566 1318 2631 excepto
1337 2553 1413 2626 festo
1435 2550 1492 2616 SS.
1511 2550 1556 2609 lu·

486 2638 650 2703 uoorntiutu
679 2640 737 2701 nisi
764 2641 876 2702 venerit
905 2640 933 2702 in
956 2636 1176 2719 Dumiuiroiii)
1202 2637 1305 2697 dicitur
1327 2648 1423 2696 tomen
1446 2635 1477 2696 iu
1497 2633 1556 2693 eius

488 2726 608 2787 Octava.
651 2725 764 2787 Dicitur
789 2726 875 2785 otium
898 2725 928 2785 iu
952 2724 1086 2784 omuibus
1108 2722 1268 2784 Dominicis
1295 2720 1479 2783 oPasrlrelc
1502 2720 1557 2781 Re-

488 2809 678 2871 surrectionis
699 2809 841 2870 inclusive
865 2830 955 2887 usqne
977 2809 1012 2867 ed
1032 2809 1194 2868 Adventum
1217 2806 1367 2888 exclusive
1387 2814 1416 2865 et
1435 2823 1455 2865 tt
1476 2803 1556 2866 Neti-

488 2893 577 2953 vitute
598 2893 715 2954 Domini
737 2894 879 2953 inclusive
909 2912 1000 2970 usqne
1027 2893 1063 2951 ad
1092 2890 1345 2970 septuagesimam
1376 2889 1455 2953 exul.
1484 2887 1556 2955 etin

489 2977 624 3038 omuibus
644 2977 727 3038 leriis
749 2977 889 3056 temporis
912 2976 1082 3048 Pasa-lulis,
1113 2977 1224 3035 suilirot
1246 2995 1264 3034 a
1285 2974 1438 3035 Dumiuiea
1462 2973 1492 3033 in
1511 2971 1558 3033 ΔΙ-

390 3126 394 3134 ,
491 3060 535 3120 lris
558 3080 648 3140 usque
670 3063 705 3121 ad
728 3063 953 3134 domusionem,
980 3071 1104 3137 exceptu
1124 3059 1197 3119 lcriu
1219 3061 1345 3120 secunda
1366 3058 1558 3136 Rogationem

490 3144 520 3203 in
543 3165 600 3226 qua
621 3167 678 3206 uou
700 3145 814 3208 dicitnr.
861 3147 923 3205 Nun
955 3143 1060 3203 dicitur
1087 3154 1181 3201 oratoru
1213 3145 1240 3202 iu
1263 3143 1428 3202 Dominicis
1449 3145 1559 3203 Adran·

491 3241 538 3289 tus
560 3227 627 3292 ela
649 3230 873 3309 Septuagcsiura
904 3248 994 3307 arsque
1022 3228 1057 3286 ed
1086 3226 1268 3287 Duniuiruu
1297 3227 1475 3288 Pnlruarntn·
1497 3226 1558 3286 incl.

491 3331 585 3391 neque
607 3314 636 3375 iu
657 3315 737 3375 seriis
759 3326 841 3374 cntra
864 3324 977 3393 teuqrus
999 3313 1165 3392 pasc-httlr,“
1208 3311 1239 3370 Si
1271 3311 1407 3371 recitetur
1430 3309 1557 3370 Dida-inm

491 3395 620 3460 divinum
641 3399 670 3460 in
692 3401 780 3461 choro
801 3400 953 3459 irulroatur
974 3398 1115 3457 uuntiruru
1139 3417 1157 3456 u
1179 3395 1350 3456 Crlclrraute
1373 3397 1417 3456 vel
1441 3415 1458 3455 u
1482 3414 1560 3474 prou·

561 3629 592 3696 *)
611 3633 705 3700 Neque
722 3635 775 3704 ipsi
793 3635 994 3687 Relormuetores
1013 3632 1145 3685 eiusmodi
1163 3642 1304 3701 portento,
1328 3652 1399 3701 quae
1416 3633 1556 3684 Lutlrerum

495 3697 589 3749 eDeo
608 3702 716 3751 missum
735 3720 792 3752 esse
811 3703 1041 3763 demonstrarent,
1060 3703 1190 3752 volebant
1208 3703 1330 3750 relicere.
1372 3701 1476 3752 Audias
1493 3721 1517 3751 v.
1534 3717 1554 3749 o.

494 3765 648 3836 Philippum
668 3769 870 3820 Melanthouem
896 3774 924 3820 in
950 3771 1182 3821 Declamationutu
1202 3770 1282 3818 Touo.
1310 3769 1340 3816 ΙΙ.
1363 3789 1387 3835 p.
1413 3769 1475 3821 738.
1499 3771 1556 3819 haec

495 3845 664 3886 narrantem:
683 3837 723 3895 Eo
742 3855 828 3892 enno.
846 3856 900 3902 quo
919 3841 1034 3907 primurn
1053 3855 1143 3888 mense
1157 3836 1300 3887 Novembri
1323 3836 1413 3888 editoe
1432 3848 1495 3888 sunt
1507 3837 1554 3886 Re·

496 3902 607 3966 serendi
627 3904 684 3953 Viri
705 3905 739 3954 D.
759 3905 869 3954 Lutiueri
889 3909 1089 3973 propositiones
1108 3906 1142 3956 de
1155 3904 1345 3970 indulgentiis,
1368 3923 1428 3955 cum
1448 3924 1482 3956 ex
1496 3916 1556 3956 teut-

518 3973 543 4022 lo
562 3972 713 4023 Wimariae
735 3974 764 4022 iu
784 3972 868 4021 netuli
890 3973 989 4024 Christi
1010 3974 1065 4025 duo
1084 3974 1178 4023 fretu-es
1198 3985 1225 4022 et
1242 3971 1329 4034 filius,
1350 3974 1415 4023 Dux
1434 3975 1553 4024 lohannes

496 3992 648 4093 inidoneus
666 4059 719 4091 une
738 4051 800 4108 post
819 4039 933 4091 medium
953 4055 1075 4102 noctem,
1101 4053 1130 4090 ut
1150 4059 1244 4106 niagno
1263 4043 1290 4088 iu
1313 4054 1428 4110 utroque
1447 4053 1502 4092 eret
1517 4055 1553 4089 re·

391 4149 400 4176 4
500 4111 617 4158 varentia
637 4127 697 4174 erga
719 4107 899 4172 resilivimus,
927 4110 1100 4174 egrediuntur
1125 4128 1183 4158 oum
1205 4109 1340 4174 frequenti
1360 4106 1552 4173 eomitatufli*
1593 4128 1594 4143 t

499 4175 565 4225 deut
584 4195 662 4245 supra
683 4196 785 4236 arcem,
804 4177 882 4227 coelo
900 4194 997 4227 sereno
1016 4177 1164 4243 fulgentem
1180 4195 1284 4228 cruceni
1304 4195 1482 4246 purpuream,
1498 4173 1550 4225 satit

499 4262 620 4308 maguam
641 4258 667 4295 et
684 4249 828 4315 perspicue
847 4263 973 4312 expressa
992 4243 1086 4311 ligure.
1124 4246 1164 4295 lbi
1190 4263 1250 4294 curu
1275 4243 1321 4294 diu
1339 4256 1443 4296 starent
1461 4236 1552 4295 attouffi

498 4322 678 4376 spectatores.
698 4315 792 4365 fratres
806 4313 923 4380 colloqui
937 4311 971 4363 de
989 4315 1120 4380 religiono
1135 4323 1298 4381 coeperunt,
1319 4324 1346 4363 et
1359 4332 1392 4365 eo
1406 4316 1482 4382 siguo
1496 4327 1551 4380 por·
1592 4308 1594 4365 i

498 4379 677 4460 teutifliuturu
702 4383 847 4434 cartamine
872 4380 906 4433 de
930 4380 1070 4446 doctriua,
1105 4393 1132 4432 et
1159 4381 1254 4433 domus
1273 4381 1425 4434 Saxonicee
1447 4373 1552 4453 pericult

499 4449 637 4497 ratrcrnoii
656 4461 726 4501 suunt.

500 4613 517 4663 d
538 4545 608 4664 ‘1¹³3‘
619 4549 727 4601 Dicitur
745 4552 827 4602 etium,
842 4552 871 4601 in
896 4550 1009 4602 ecclesio
1035 4549 1085 4600 sub
1109 4550 1281 4602 invocatione
1307 4550 1358 4604 SS.
1382 4545 1551 4605 innocentium

522 4634 535 4665 e
557 4633 596 4665 rea
611 4633 635 4665 a.
782 4663 786 4669 Δ
1590 4640 1594 4821 p
