3750 5400
837 707 936 780 1oa·
1014 667 1017 678 “

455 885 614 967 Sequentia
641 904 732 963 scipsa
763 884 872 964 posito,
899 905 988 964 qaam
1014 882 1124 943 ratione
1152 880 1253 944 habita
1274 879 1347 941 est.
1367 878 1412 944 M.

373 968 409 1032 10.
426 970 615 1032 bisssaeeotis
636 968 864 1047 assignavimus,
884 973 959 1050 apud
982 967 1123 1048 plurimos
1144 968 1300 1027 canebatur
1318 965 1348 1026 in
1370 964 1415 1025 te·

371 1054 564 1121 stsS.toaanis
584 1053 629 1114 eoi
652 1073 754 1118 nemea
777 1056 812 1113 ad
830 1054 946 1115 Portam
958 1052 1109 1130 Latinam,
1132 1051 1227 1115 rarius
1242 1050 1272 1110 in
1285 1049 1413 1110 eiusdem

370 1140 469 1216 armati
490 1139 647 1202 festivitate
668 1138 831 1219 principaii.
854 1137 979 1201 Carmen
997 1148 1093 1198 maten
1107 1136 1200 1217 ipsam
1215 1133 1333 1196 minime
1347 1151 1412 1194 esse

369 1225 463 1286 sceoodi
493 1224 614 1303 ordinis,
637 1223 702 1303 qrsis
723 1233 767 1285 est
788 1222 835 1302 qui
858 1244 914 1285 noa
930 1218 1074 1287 senserit?
1092 1255 1134 1268 -
1157 1222 1185 1283 1.
1207 1218 1318 1299 Tangit
1328 1226 1414 1299 poeta

368 1312 494 1372 exordium
516 1320 544 1370 et
565 1307 709 1387 evangeiii
729 1318 758 1368 et
771 1308 912 1387 epistolae
924 1307 1044 1369 laaorris
1065 1304 1190 1385 primae:
1221 1316 1295 1380 Quod
1303 1310 1366 1379 fuir
1383 1312 1411 1360 ts

367 1393 438 1461 initio,
458 1400 525 1462 quael
543 1397 704 1456 audivimus,
723 1398 789 1460 areval
807 1398 916 1445 vidimus
935 1395 1015 1446 oculis
1033 1394 1138 1453 uostris,
1157 1395 1223 1456 qrcod
1237 1387 1411 1457 perspeximus

367 1481 384 1523 et.
397 1492 479 1523 nanus
497 1484 599 1521 nostrae
610 1483 826 1522 contrectaverunt
843 1474 874 1519 de
886 1473 959 1522 verbo
980 1473 1049 1519 vitae
1066 1481 1117 1519 etc.
1136 1458 1165 1520 2
1182 1455 1228 1523 Cf.
1245 1454 1313 1535 Stq.
1334 1449 1409 1514 clx.

366 1543 384 1593 8.
399 1549 458 1597 Fons
472 1560 507 1597 est
524 1548 646 1608 i‘bristus,
665 1548 693 1595 bi
711 1559 768 1594 sunt
782 1547 838 1594 riri.
848 1543 916 1611 sarm
934 1555 970 1592 est
989 1542 1067 1603 altus,
1089 1544 1116 1592 bi
1128 1545 1233 1608 proclivi
1251 1554 1279 1591 ut
1296 1558 1412 1607 saporem

360 1615 428 1683 fontis
447 1622 496 1672 aivi
514 1623 654 1671 ministrent
664 1620 802 1689 fidelibus.
827 1612 918 1689 Apte.
940 1609 1033 1669 xxii.
1048 1612 1076 1670 l.
1094 1621 1128 1669 Et
1146 1620 1253 1671 ostendit
1272 1617 1336 1665 mibi
1345 1610 1410 1683 flu-

363 1702 416 1750 vium
431 1715 520 1766 'amne
538 1702 607 1749 vr'tac
621 1703 793 1767 procedentem
812 1704 843 1750 de
860 1707 918 1753 recle
938 1706 989 1751 Dei
1007 1716 1030 1751 et
1049 1702 1122 1772 ogisi·
1156 1691 1185 1752 3.
1214 1689 1340 1750 Narrate!
1369 1708 1408 1751 ΘΧ

360 1776 474 1836 sanium
487 1775 586 1835 ariam
600 1795 718 1835 nessaero
732 1776 788 1835 hoo
801 1776 874 1837 sotis
887 1777 994 1856 aquilis
1007 1779 1104 1837 datum
1120 1795 1194 1851 esso,
1209 1776 1283 1854 qaod
1299 1771 1410 1854 possint

358 1855 488 1935 ἀτενίζων
508 1859 581 1920 sotis
602 1859 714 1919 radies:
749 1861 870 1921 toaooes
891 1857 908 1921 ὅ
930 1860 1021 1934 beroe
1047 1856 1063 1923 ὅ
1092 1856 1244 1939 ἀληθινός
1264 1875 1410 1919 summam

355 1945 454 2019 sotem,
480 1944 577 2024 ipsam
597 1943 753 2005 divinitatis
781 1966 887 2006 oramen
916 1946 1064 2025 conspicit.
1113 1946 1167 2007 Aa.
1190 1944 1278 2005 Tarr.
1300 1940 1407 2007 cristis.

354 2030 489 2090 ridens.
513 2028 560 2094 Pr.
582 2027 637 2094 Ns,
661 2026 766 2094 vidit.
791 2029 854 2089 Noas
878 2043 920 2089 est
944 2033 1017 2109 qsrod
1041 2047 1208 2091 moneamus
1231 2039 1344 2105 poetam
1364 2025 1411 2085 ab·

351 2114 446 2175 ledere
468 2114 505 2175 ad
535 2125 620 2191 serpat
650 2111 741 2172 isaiae
769 2114 816 2175 Vt.
842 2114 871 2181 4.
902 2115 947 2176 cf.
969 2117 1058 2193 Apso.
1079 2114 1123 2190 W,
1149 2114 1196 2179 10.
1221 2116 1269 2174 ll.
1289 2112 1333 2176 M.
1358 2109 1408 2172 10.

351 2200 439 2279 qaod
471 2197 642 2278 psallant
665 2198 717 2258 Ad.
747 2198 834 2261 Tor-r.
857 2200 915 2279 qui
940 2219 989 2279 ps.
1010 2201 1064 2261 Ad.
1085 2200 1120 2258 ia
1143 2198 1279 2265 either.
1319 2196 1408 2257 Notat
1438 2265 1440 2270 ¹

347 2284 419 2344 idem
450 2282 575 2361 scriptor
608 2284 682 2358 operit
719 2284 873 2344 annositas
905 2284 1241 2363 exstareseriptmarn:
1284 2298 1406 2342 senes.

345 2369 433 2430 Totr.
461 2378 591 2427 11081ῐο
619 2386 650 2426 11.
681 2366 846 2429 [tambache
876 2373 945 2422 Solae
965 2374 1041 2423 scibat
1064 2376 1098 2422 im
1117 2372 1225 2422 belleren
1244 2370 1347 2441 Spiegel
1365 2373 1407 2420 des

343 2464 509 2530 Dreieirrigen
532 2461 620 2509 hebres
644 2461 745 2522 Staret,
774 2464 831 2511 Und
855 2459 969 2510 eatdecbt
994 2480 1018 2508 es
1043 2476 1089 2507 uns
1107 2459 1142 2505 im
1162 2458 1236 2507 Bild.
1271 2446 1343 2506 Ab:
1378 2453 1408 2502 δι’

342 2536 396 2600 quis
415 2531 523 2584 voluerit
540 2533 647 2597 recipere
665 2529 783 2594 figrrram
803 2533 834 2579 de
851 2530 940 2596 sigillo
959 2530 1085 2579 trinitatis
1098 2542 1191 2592 oportet
1210 2544 1237 2579 nt
1254 2532 1408 2596 praedispo-

342 2615 388 2654 nat
408 2621 452 2652 cor
469 2619 540 2658 suam
557 2619 601 2665 per
613 2600 784 2647 contritionem
804 2610 831 2646 nt
846 2611 933 2665 aptam
943 2598 1002 2666 flat
1021 2602 1057 2647 ad
1074 2598 1242 2662 recipiendum
1260 2599 1406 2665 impressio-

343 2690 398 2722 nent
413 2667 508 2737 sigilli.
535 2667 578 2716 Si.-
595 2667 700 2716 Dauid:
709 2664 818 2732 sactum
839 2680 873 2716 est
893 2686 934 2715 cor
953 2687 1031 2716 mrum
1050 2678 1171 2729 tarrqnam
1192 2686 1249 2715 cera
1262 2666 1407 2731 lt'quesccns.

341 2736 474 2802 More.
499 2734 568 2794 itte
588 2754 612 2792 o.
634 2735 687 2793 Ast.
709 2733 903 2811 petatium.
922 2734 978 2797 Ad.
997 2734 1053 2795 Ns.
1074 2730 1119 2791 Pt.
1140 2730 1188 2794 Pr.
1210 2733 1286 2793 tite
1308 2751 1408 2792 oom-

343 2823 462 2884 ment.
506 2818 632 2879 Sensus:
679 2817 793 2896 Optime
847 2817 938 2897 potuit
988 2817 1037 2878 itte
1086 2819 1233 2894 apostotus
1280 2816 1407 2879 divinam

343 2905 454 2968 christi
489 2902 702 2981 generationem
739 2921 875 2962 essarrare
906 2903 957 2981 flori
985 2902 1016 2961 ia
1044 2903 1127 2961 doaso
1155 2901 1253 2963 babuit
1279 2901 1406 2964 Mariam

341 2994 458 3051 branna
482 2987 590 3048 Christi
620 2997 740 3047 matroon
760 2987 815 3044 sitsi
839 3005 856 3046 a
878 2986 1003 3047 Domino
1034 2989 1269 3049 commendatam.
1292 2988 1404 3052 6-8.

340 3076 387 3138 D'e
409 3071 560 3135 miraeidis
580 3070 639 3131 iltis
658 3074 731 3130 hare
753 3070 892 3131 habentur
913 3070 943 3129 ia
965 3070 1111 3149 legendis:
1151 3083 1212 3131 Cam
1233 3084 1255 3129 a.
1274 3078 1404 3147 apostotus

328 3148 452 3217 ‘loannes
470 3161 562 3209 rediret
581 3160 613 3205 ab
633 3157 710 3206 exilio
729 3168 751 3205 et
771 3159 870 3205 verbnm
889 3159 940 3204 Dei
956 3160 1116 3223 praedicaret
1135 3178 1152 3207 a
1168 3157 1315 3224 proconsule
1337 3158 1408 3205 invi-

341 3233 452 3282 sabatur
468 3239 498 3278 ut
517 3228 576 3275 Diis
593 3225 745 3275 immolaret.
784 3227 835 3287 Qui
854 3228 914 3274 dam
932 3237 1044 3274 renueret
1063 3227 1090 3275 in
1106 3246 1230 3276 carcerem
1249 3226 1405 3274 mittebatur.

344 3302 394 3352 cut
413 3315 533 3348 venenum
549 3295 757 3361 praeparabatur
777 3313 825 3359 quo
844 3296 972 3342 mediante
993 3292 1102 3342 Ioannes
1126 3293 1318 3361 interficeretur.
1355 3292 1406 3355 Qui

342 3373 403 3420 dum
421 3376 553 3435 gumasset
573 3365 664 3411 m'rtnte
677 3363 727 3409 Dei
744 3374 892 3429 cooperante
907 3363 1019 3410 sibinen
1036 3365 1120 3412 nocuit
1136 3366 1180 3411 sed
1198 3365 1260 3411 eluas
1279 3361 1344 3411 alios
1361 3363 1407 3410 irs·-

342 3456 415 3487 venes
435 3432 535 3482 necavit
554 3428 634 3495 (queas
650 3443 738 3497 postea
754 3450 787 3477 ex
804 3432 908 3477 mortuis
925 3429 1115 3494 resuscitavit).
1137 3433 1210 3494 (broad
1228 3450 1284 3478 cnm
1304 3431 1406 3481 vidisset

339 3499 478 3574 proconsul
495 3500 563 3548 misit
584 3499 674 3549 literas
697 3500 734 3546 ad
755 3498 948 3562 Domitianum,
984 3499 1010 3546 in
1034 3500 1123 3563 quibvs
1145 3510 1262 3554 sanetum
1287 3501 1407 3548 Ioannem

343 3590 452 3641 magum
471 3579 495 3617 et
512 3566 666 3632 sacrilegum
685 3567 833 3615 nominauit.
875 3568 947 3614 iussn
968 3567 1050 3634 igitm
1068 3569 1227 3634 imperatoris
1244 3569 1280 3615 ad
1297 3568 1408 3625 Romam

343 3641 501 3692 discebatur:
519 3636 563 3686 nbi
580 3655 663 3684 onrnes
681 3632 771 3701 capilli
787 3635 813 3681 in
833 3636 979 3683 clericionem
998 3637 1051 3685 dus
1070 3637 1272 3694 abradebantnr,
1305 3637 1339 3685 Et
1354 3655 1405 3685 an·
1445 3657 1447 3662 ·

342 3723 370 3760 te
384 3719 487 3776 portam
505 3705 574 3754 urbis
592 3722 657 3768 quae
674 3702 758 3752 latina
777 3703 871 3751 dicitnr
887 3704 913 3750 in
932 3703 1028 3752 elolr'nm
1043 3702 1167 3769 ferventis
1179 3703 1228 3754 olei
1245 3705 1404 3761 mittebatur.

342 3775 454 3829 Nuttum-
472 3785 557 3821 tamen
575 3771 684 3827 tiatorem
703 3772 778 3819 sensit
796 3772 840 3819 snt
856 3769 962 3820 illaesas
981 3772 1070 3828 exivit,
1094 3799 1127 3807 -
1146 3797 1179 3809 -
1202 3776 1278 3823 Porro
1302 3775 1362 3823 dam
1380 3774 1404 3823 b.

340 3849 452 3896 Ioannes
467 3842 529 3890 dnos
546 3841 646 3889 iuvenes
664 3842 699 3888 ad
708 3837 794 3908 fidem
810 3841 967 3890 convertisset
983 3841 1026 3906 qui
1043 3845 1128 3891 omnia
1147 3861 1194 3891 sua
1212 3844 1318 3893 bonnet
1336 3843 1403 3895 divi.

341 3916 396 3964 tias
411 3910 565 3979 pauperibus
583 3920 766 3976 erogaverant:
790 3908 817 3955 bi
838 3910 948 3972 qicodam
966 3910 1007 3958 die
1024 3911 1138 3959 viderunt
1155 3924 1278 3978 cognatos
1294 3922 1317 3958 et
1337 3911 1407 3959 ami-

344 4001 386 4032 cos
407 3979 526 4047 pretiosis
541 3978 649 4025 vestibus
666 3977 767 4024 indutos
784 3987 807 4023 et
825 3995 851 4022 se
867 3977 932 4042 ipsos
951 3990 1050 4045 egentes
1068 3991 1091 4027 et
1113 3998 1252 4045 parspere-s,
1277 3990 1407 4045 coeperunt

344 4047 501 4100 contristari.
524 4046 598 4107 Quod
612 4064 667 4092 cum
681 4045 704 4092 b.
720 4046 739 4090 1.
749 4045 883 4093 notavisset
898 4057 921 4092 et
935 4044 1058 4114 eossacr'e
1068 4049 1151 4095 tristes
1164 4048 1274 4106 vidisset,
1284 4047 1372 4112 virgas
1383 4056 1406 4092 et

346 4118 448 4186 lapides
471 4115 544 4164 iussit
569 4113 667 4182 afferri
677 4132 683 4159 τ
711 4131 770 4176 quas
793 4115 820 4159 in
843 4130 933 4161 aurum
957 4126 980 4161 et
1002 4116 1129 4180 preciosas
1147 4132 1264 4180 gemmas
1287 4113 1406 4160 convertit

347 4185 487 4239 diceresed
504 4200 563 4230 eos:
588 4184 624 4230 lte
647 4193 670 4229 et
687 4182 802 4229 redimite
819 4182 887 4228 vobis
905 4193 985 4229 terras
1003 4203 1066 4246 quies
1084 4183 1248 4239 vendidistis,
1269 4182 1328 4242 qreia
1348 4199 1407 4227 cae-

348 4261 426 4312 lestia
445 4259 563 4327 praemia
579 4258 736 4317 perdidistis.
773 4245 838 4306 Ubi
854 4265 951 4322 bot'p.
964 4248 1072 4325 Virga
1086 4248 1240 4307 Immemor
1253 4245 1408 4325 iochat'G·

347 4332 427 4410 xvi,
452 4334 501 4396 18.
527 4339 610 4407 poeta
631 4326 757 4388 iasimmt
778 4329 914 4408 virginati
936 4333 1050 4410 corpori
1070 4349 1210 4390 venenum
1240 4339 1270 4389 ut
1295 4341 1409 4391 noceret

349 4416 412 4481 fieri
432 4436 488 4476 noa
504 4414 642 4501 potuisse.
664 4413 789 4473 Poena
811 4425 955 4493 stupet,
978 4418 996 4480 i.
1011 4436 1036 4480 e.
1057 4425 1180 4474 tortores
1202 4424 1229 4473 et
1248 4415 1410 4480 oarrsifires.

350 4504 382 4567 8.
398 4503 451 4563 Ad.
466 4500 553 4560 Torr.
576 4497 677 4558 iubet
696 4506 733 4556 ut
755 4499 908 4558 reserat.
928 4501 996 4563 vox
1017 4497 1185 4560 latrandi
1200 4499 1411 4562 estasitatisst·

351 4581 648 4660 medehamstede,
689 4601 761 4659 quos
787 4593 884 4643 ornent
913 4605 976 4646 eam
999 4585 1119 4645 canibus
1139 4583 1269 4646 conterre
1291 4587 1410 4668 antiqui.

353 4674 384 4740 9.
406 4671 531 4737 loannes
552 4667 581 4729 ia
602 4668 656 4730 has
677 4664 877 4731 laudatissima
896 4670 1031 4759 stropha,
1061 4679 1090 4733 ot
1118 4669 1236 4753 saepias
1262 4692 1414 4754 caussass-
