3750 5400
541 881 582 954 ut
602 902 622 946 s
641 827 832 946 ianosiaiori
854 900 906 963 por
927 890 956 944 te
977 880 1092 946 liberati

541 965 762 1047 consuuntur
782 964 868 1028 lineri
888 965 1029 1064 riamltni
1051 969 1122 1055 nati.

542 1115 761 1182 clomann-
782 1115 915 1182 dorotins
937 1117 974 1180 ad
996 1127 1024 1180 te
1045 1119 1229 1204 suspirantes

536 1201 585 1266 -ldt
604 1200 792 1270 adeetnosins
814 1212 842 1264 st
864 1199 911 1284 piu
954 1199 1103 1281 recantes,
1234 1271 1236 1276 ,

451 1311 464 1336 ι
542 1283 618 1349 Delo
639 1285 714 1368 qnod
735 1281 862 1348 interius
944 1287 1142 1365 seogitautes

547 1368 701 1434 Gessimns
721 1368 853 1434 exterius
873 1389 961 1450 opere
982 1383 1142 1450 peccantes.

543 1519 691 1586 lixulos
712 1517 803 1582 exilio
825 1539 926 1583 omnes
947 1517 1049 1583 sumus
1069 1521 1128 1584 dati

543 1606 601 1668 Pro
622 1611 775 1686 parentum
791 1601 862 1666 vitiu
883 1604 980 1685 gloria
1000 1603 1141 1686 privatis

541 1687 675 1754 Paradisi
697 1688 804 1769 gaudio
826 1695 856 1749 et
875 1688 1046 1765 exorbitati,

542 1775 611 1838 'l'uo
634 1772 771 1836 lenedeio
792 1791 895 1836 snmus
912 1774 1051 1856 mount.

545 1924 641 1987 Filii
662 1920 783 2005 suspirii
804 1923 926 2004 prodere
947 1933 1090 2003 eoguntur

541 2009 642 2072 Mundi
664 2028 718 2089 pru
738 2006 860 2070 miseria
880 2025 934 2087 per
954 2019 1040 2088 quum
1062 2008 1266 2092 involvuntur,

542 2095 587 2156 ad
608 2095 745 2158 damnata
765 2091 837 2155 vitia
854 2109 946 2171 saepe
966 2091 1150 2172 dilabuutur,
1202 2111 1205 2118 ·

544 2176 605 2239 Sed
625 2175 826 2241 misericordia
845 2186 897 2239 tua
916 2174 1086 2240 fulciuntur.

541 2327 643 2392 lirae
664 2327 779 2407 lapsum
801 2325 898 2390 intulit
913 2327 1052 2388 damnum
1072 2326 1258 2408 desperatum

540 2412 580 2473 tu
600 2430 619 2474 a
639 2412 725 2475 nubis
745 2409 864 2475 abstulit
883 2410 1024 2491 gaudium
1047 2410 1161 2474 deatum

541 2497 583 2557 du
604 2505 671 2576 post
690 2496 784 2557 liram
804 2494 926 2556 eontulit
946 2493 1055 2574 virgini
1078 2495 1276 2575 incarnatum,

540 2579 608 2658 Qua
627 2589 750 2641 mortem
770 2578 889 2640 sastufit
907 2577 993 2641 diluit
1014 2589 1175 2657 prosatum.

542 2732 593 2793 td
614 2740 651 2794 ts
671 2731 798 2793 adamant
818 2728 927 2810 iugiter
948 2729 989 2792 tui
1011 2730 1187 2793 famulantes

542 2815 580 2876 ldt
600 2815 631 2876 iu
652 2824 679 2876 te
701 2814 825 2876 iideliter
846 2834 949 2877 omnes
969 2814 1152 2892 suspirantes

541 2898 736 2978 iuramenqne
757 2908 837 2958 tuum
861 2897 987 2977 benigne
1008 2909 1160 2978 precantes

540 2981 623 3060 Quos
643 2982 870 3046 misericorditer
891 2981 995 3044 audies
1015 2991 1164 3062 rogantes.

542 3133 789 3214 Suspiramns
811 3132 927 3195 detions
946 3130 1056 3194 nostris
1076 3152 1130 3212 pro
1148 3133 1276 3212 pseustin

542 3219 580 3280 lit
600 3218 708 3279 nostris
726 3217 888 3279 sceleribus
907 3235 961 3296 per
986 3236 1042 3279 nus
1070 3218 1245 3297 perduratis

541 3301 600 3364 Sed
623 3302 653 3363 iu
675 3311 703 3362 ts
724 3301 896 3363 confidimus
917 3309 1011 3361 mater
1031 3299 1164 3380 pietatis,

542 3387 618 3449 Vere
639 3384 852 3465 poenitentibus
871 3382 986 3446 reniam
1007 3386 1046 3445 ds
1066 3384 1170 3464 gratis.

541 3535 911 3598 Gementesretolimus
929 3534 1009 3596 nala
1028 3545 1172 3597 retroacta
1203 3540 1206 3547 '

541 3620 625 3696 Quae
646 3620 746 3700 inique
766 3618 913 3699 gessimum
933 3626 1031 3680 mente
1051 3639 1111 3680 son
1129 3632 1230 3683 eoaeta

540 3701 599 3764 Sed
620 3703 653 3766 iu
673 3714 701 3765 ts
722 3703 894 3765 oonlldimns
915 3713 1009 3765 mater
1030 3703 1138 3765 intarta

539 3785 579 3849 Ut
600 3806 620 3850 a
640 3798 668 3848 te
688 3805 762 3867 qnae
783 3785 910 3865 petimus
938 3786 997 3849 sint
1020 3786 1051 3848 in
1071 3786 1155 3848 uoltis
1176 3787 1274 3855 farta·

540 3920 586 3983 tte
604 3921 749 3980 flentes
767 3918 917 3980 doloribus
932 3932 1028 3981 mente
1050 3923 1231 4000 versennds,

540 4004 655 4066 Lumen
674 4000 783 4065 nostris
802 4004 938 4064 sordibus
965 4004 1085 4065 infunde
1110 4007 1234 4067 leuando

538 4087 684 4151 Vitiorum
704 4087 839 4147 sordibus
857 4085 984 4165 benigna
1007 4091 1133 4151 emunda

536 4172 628 4265 lunge
647 4190 702 4233 nos
728 4168 903 4231 coelestidus
921 4170 1020 4233 diaria
1049 4174 1183 4240 ineundo.

538 4304 577 4365 ln
598 4306 668 4367 hoo
688 4304 792 4367 valle
812 4300 950 4365 miseriae
971 4306 1093 4367 nultum
1115 4310 1272 4373 tenebroso

536 4387 697 4450 [lominum
717 4397 786 4451 sunt
806 4400 917 4469 genera
931 4388 1055 4450 nultum
1077 4392 1202 4465 luem,

539 4470 614 4533 Nom
634 4492 736 4535 eorum
756 4492 847 4561 opera
863 4481 932 4535 sont
953 4474 1125 4555 tonugtoss

538 4556 661 4634 Propter
681 4556 759 4620 isola
776 4557 890 4623 stelen
907 4563 936 4619 tl
956 4558 1156 4639 opposuisse
