3750 5400
847 595 974 748 'aaa

613 797 687 898 (tlte
704 834 879 885 acriaduatur
900 832 1036 899 lampadae
1052 833 1079 881 in
1097 828 1237 895 ecclesia.)
1336 863 1339 873 .

388 934 486 1081 uzi).
512 933 647 996 .0·vere
670 935 753 996 beata
773 953 849 1012 uo-x,
870 951 944 1013 qtrae
971 931 1146 1011 exspoliarit
1164 919 1339 1012 Aegyptios,
1360 929 1461 993 ditarit

420 1040 436 1078 e
457 1038 554 1082 raros.
657 1038 663 1055 .
1266 1057 1268 1062 ·

430 1117 485 1182 30.
528 1118 596 1180 Nox
630 1115 660 1180 iu
690 1135 747 1196 qua
775 1116 898 1179 terrenis
927 1078 1243 1194 eoelestieplruutauis
1276 1112 1375 1178 diviua
1395 1115 1461 1177 iuu-

388 1214 507 1283 gunter.

432 1303 483 1368 31.
528 1303 653 1364 Oramus
682 1322 752 1386 erg-o
783 1309 810 1362 te
832 1301 971 1377 Domine,
1000 1311 1030 1361 ut
1058 1321 1158 1360 rrrous
1185 1301 1238 1359 iste
1267 1298 1296 1362 iu
1318 1300 1457 1363 horrorum

388 1387 431 1448 tui
449 1386 584 1448 'oraminis
613 1397 798 1449 conseeratus
825 1388 860 1446 ad
890 1387 983 1447 uectis
1009 1385 1096 1449 huius
1124 1384 1280 1463 eaiigiuem
1308 1386 1457 1446 destrueu-
1486 1394 1489 1399 '

388 1471 455 1533 daur
478 1469 644 1532 iudriieieus
668 1479 844 1547 perseveret.

430 1570 484 1632 32.
528 1570 565 1631 lit
592 1569 623 1630 iu
651 1572 768 1632 odorem
797 1569 949 1633 suavitatis
978 1581 1113 1651 aceeptus
1142 1570 1277 1649 superuis
1306 1569 1458 1631 luminari-

387 1656 443 1716 bus
464 1655 630 1718 miseratur.

428 1753 482 1817 33.
524 1754 676 1817 Flammas
698 1754 761 1815 eius
780 1753 898 1815 Luriser
916 1755 1074 1816 matutinus
1097 1754 1241 1827 iuvruiat,
1271 1752 1318 1814 itte
1337 1754 1455 1834 iuquam

386 1837 507 1900 Loeiier
530 1838 578 1917 qui
600 1838 692 1899 ueseit
714 1858 867 1914 aerosum,
897 1840 948 1899 ilie
971 1840 1019 1919 qui
1042 1858 1195 1917 regressus
1216 1841 1253 1899 atr
1276 1837 1379 1914 inieris
1399 1836 1456 1904 tus

386 1941 476 1984 mauu
498 1922 599 2003 generi
621 1942 742 1994 serenos
764 1922 871 1987 illuxit.
943 1947 945 1952 ·

428 2022 484 2086 34.
525 2023 769 2101 Preeamur‘ergo
792 2031 818 2082 to
833 2021 957 2083 Domine
980 2034 1077 2083 rrtuos
1098 2023 1224 2083 famulos
1246 2031 1455 2088 taos-omnem·

386 2127 450 2187 que·
463 2107 572 2168 elerum
593 2116 620 2167 et
640 2108 855 2168 devotissimum
878 2106 1014 2186 poputum
1045 2125 1103 2169 uua
1124 2127 1188 2168 rum
1214 2108 1379 2169 beatissima
1403 2129 1456 2188 pa·

386 2210 426 2269 pa
448 2204 547 2252 uestro
570 2191 605 2264 N.
629 2201 657 2251 et
678 2190 804 2251 antistite
825 2201 924 2251 uestro
947 2191 982 2258 N.
1011 2192 1105 2271 quiete
1134 2204 1294 2269 temporum
1316 2213 1454 2256 rouressa

385 2275 417 2336 ia
439 2274 486 2336 iria
508 2273 694 2355 paschalibus
715 2274 831 2353 gertrudis
857 2275 976 2337 assidua
998 2275 1173 2356 protertione
1203 2295 1321 2356 regere,
1344 2280 1455 2358 guber·

384 2377 459 2421 aare
481 2371 509 2420 et
528 2378 700 2422 rouserroro
721 2359 860 2437 digneris.

428 2459 481 2523 33.
524 2459 648 2540 Respice
670 2459 755 2520 etiam
778 2460 1061 2531 adderetissimum
1091 2459 1293 2539 imperatorem
1324 2474 1454 2524 uestrum

383 2545 424 2608 N.
446 2543 531 2606 euius
552 2554 581 2604 tu
604 2544 684 2604 Deus
703 2544 847 2605 desideria
870 2555 935 2605 rota
959 2564 1151 2622 praetiosi-eus
1174 2546 1311 2614 ineflabili
1335 2543 1451 2625 pietatis

384 2638 415 2691 et
436 2627 653 2708 miserirordiae
675 2636 740 2689 tuae
768 2649 885 2690 utuuere
905 2629 1090 2708 tranquillum
1120 2644 1274 2708 perpetuae
1303 2632 1384 2711 pacis
1404 2650 1455 2692 ae-

384 2715 547 2777 commoda
557 2724 585 2772 et
606 2712 759 2773 coelestem
782 2712 931 2774 viatorium
953 2734 1020 2773 euru
1042 2714 1119 2773 omui
1141 2715 1249 2793 popula
1271 2735 1335 2776 suo.

426 2814 480 2877 30.
523 2800 581 2875 Per
610 2803 731 2875 eundem
753 2812 911 2876 Dominum
938 2813 1068 2874 nostrum
1098 2813 1192 2874 lesum
1223 2814 1373 2876 Christum
1400 2815 1450 2896 qui

384 2909 482 2961 teeun
508 2897 582 2961 ,vivit
610 2907 638 2985 et
668 2909 769 2977 regnat
804 2898 834 2958 ia
863 2899 971 2960 onitate
1006 2897 1126 2978 spiritus
1163 2899 1254 2960 saneti
1282 2897 1364 2962 Deus
1401 2920 1454 2982 per

385 2980 625 3047 omuia‘saeeula
645 2983 838 3046 saeculorum.
882 2986 986 3045 Amen.
1457 3012 1461 3025 ·

847 3163 997 3180 fi--d-b--fl

551 3368 555 3372 .
628 3323 659 3373 B.
707 3320 861 3374 Secundum
878 3320 970 3372 Ritum
987 3319 1206 3373 Ambrosianum.

472 3437 592 3511 Exultat
618 3437 676 3500 iam
703 3439 838 3517 augeliea
874 3439 959 3499 turba
991 3438 1152 3515 coelorum,
1188 3438 1318 3500 exultent
1352 3439 1452 3504 diviua

383 3522 540 3605 mysteria,
574 3531 602 3584 et
630 3544 683 3602 pru
711 3524 780 3584 tauri
806 3523 888 3603 regis
923 3521 1044 3584 victoria
1072 3526 1141 3584 tortia
1168 3522 1276 3585 iutouet
1303 3525 1451 3587 salomis.

383 3608 517 3670 Gaudeat
538 3619 566 3667 et
587 3606 674 3669 telios
695 3608 782 3671 tantis
808 3607 947 3669 irradiata
974 3606 1154 3683 fulgoribus,
1183 3618 1210 3668 et
1237 3609 1348 3671 aeterui
1369 3611 1451 3690 regis

382 3690 539 3773 splendore
561 3690 724 3771 illustrata,
744 3690 831 3754 totius
852 3692 931 3753 orbis
953 3695 1057 3752 seutiat
1078 3712 1109 3753 se
1131 3691 1264 3753 amisisse
1286 3695 1452 3774 ealigiuem.

382 3777 521 3839 meatur
542 3784 570 3836 et
591 3785 684 3837 mater
703 3775 840 3852 ecelesia,
868 3774 938 3838 torui
963 3776 1080 3838 luminis
1100 3780 1238 3839 adornata
1265 3777 1395 3858 fulgore,
1424 3787 1452 3839 et

382 3859 502 3940 maguis
531 3861 703 3939 populorum
729 3862 847 3923 veribus
879 3862 952 3922 haee
987 3861 1055 3922 auia
1084 3863 1212 3923 resultet.
1267 3864 1452 3943 Quapropter

382 3943 565 4007 adstantibus
587 3944 669 4005 robis
691 3945 796 4007 iratres
816 3945 978 4022 rarissimi,
1005 3948 1040 4007 ad
1066 3956 1122 4007 tam
1145 3944 1249 4007 miram
1274 3945 1361 4010 liuius
1382 3964 1452 4006 aaa·

382 4028 420 4091 eti
440 4027 561 4091 laminis
584 4027 759 4107 almitatem,
789 4048 996 4106 mamaeam,
1024 4050 1148 4110 quaeso,
1169 4029 1223 4090 Dei
1246 4029 1450 4110 omnipotentis

382 4112 614 4176 miserieordiam
634 4112 783 4190 ioroeate,
809 4122 841 4174 ut
868 4114 916 4193 qui
940 4135 986 4174 me
1007 4136 1062 4175 uon
1087 4116 1159 4175 meis
1181 4113 1292 4174 meritis
1313 4114 1391 4175 iutra
1406 4112 1451 4173 le·
1505 4120 1508 4125 '

383 4197 508 4263 vitarum
536 4215 687 4258 numerum
717 4198 853 4276 diguatus
882 4208 936 4261 est.
953 4217 1134 4277 aggregare,
1160 4195 1278 4256 lumiuis
1306 4197 1351 4259 sui
1380 4214 1451 4275 gra·

383 4281 456 4343 tiam
477 4281 671 4359 infundendo,
693 4283 768 4343 eerei
790 4283 877 4343 huius
899 4281 1013 4345 laudem
1036 4281 1156 4359 implere
1177 4279 1317 4359 perficiat.
1358 4281 1451 4355 Prae·
1513 4297 1515 4301 ·

383 4363 478 4429 amore
496 4363 623 4427 Domino
645 4367 839 4427 uostro'iesu
861 4363 979 4428 Christo
1006 4365 1083 4427 Filio
1111 4384 1182 4438 suo,
1208 4383 1307 4425 aecum
1335 4366 1449 4427 virente

384 4461 633 4528 mandragaeum
662 4449 739 4525 Deo,
769 4450 798 4511 iu
828 4449 935 4512 unitate
963 4448 1090 4529 Spiritus
1117 4447 1227 4510 Saurti.
1276 4450 1334 4512 Per
1354 4451 1454 4511 omuia

386 4532 506 4597 aaeeula
538 4535 730 4609 saecolorum.
773 4528 878 4598 amen.
931 4533 1076 4597 Dominus
1108 4533 1269 4595 redieruut.
1317 4534 1357 4597 ta
1390 4552 1455 4627 eam
1550 4539 1557 4544 “

427 4619 541 4671 Danau
558 4621 693 4673 Thesara.
711 4622 814 4691 Hymu.
833 4621 865 4670 tt.
1126 4658 1130 4667 .
1210 4617 1255 4682 20
