3750 5400
412 887 446 954 t.
456 887 534 952 dna
553 887 623 952 ierit
644 889 761 971 pupulis
950 889 1001 957 1².
1015 886 1133 967 Pisces,
1154 886 1237 950 cibes
1258 886 1388 951 eureis·

288 1001 292 1006 ·
455 971 586 1055 Utraque
606 985 793 1054 testamenta,
930 1009 933 1016 ·
1013 973 1168 1052 Nunquam
1191 971 1373 1054 mneepirit,
1399 1003 1401 1010 ·

452 1057 613 1138 Angetaris
634 1058 738 1140 lepidis
1014 1058 1117 1137 Neque
1140 1056 1245 1118 iectuen
1267 1057 1359 1118 atium

456 1141 567 1204 Stravit
587 1143 784 1207 fundamenta.
888 1155 891 1160 '
1014 1142 1111 1218 Quam
1134 1149 1241 1202 terrere
1265 1141 1317 1202 itte
1337 1138 1434 1203 seiritz·

348 1283 353 1288 .
455 1225 507 1287 Sic
527 1225 674 1306 tuptirntn
1015 1227 1088 1288 Dirc
1107 1245 1173 1288 mm
1195 1223 1293 1286 riiieio

457 1310 592 1373 Reddidit
611 1312 735 1392 teieata,
1013 1309 1139 1372 &mem
1160 1309 1206 1371 sie
1224 1306 1378 1386 enutrivit,

453 1392 593 1456 Saiutrda
611 1396 679 1457 dam
702 1397 810 1476 poprdo
1014 1396 1098 1474 Quod
1121 1393 1275 1473 sanguinis
1296 1393 1398 1455 effusio

457 1478 544 1540 Dedit
564 1480 746 1543 documenta.
1016 1480 1047 1540 iu
1069 1480 1116 1568 die
1137 1490 1182 1538 ter
1201 1478 1304 1540 abivit.

407 1615 447 1679 -8.
459 1612 604 1678 cathedra
625 1613 807 1695 pestilentiae
954 1612 1004 1682 13,
1016 1612 1047 1673 in
1069 1631 1166 1690 agone
1187 1611 1352 1694 praedicat,

456 1697 515 1761 Hic
532 1700 632 1759 doctor
656 1718 803 1780 nonquam
825 1699 910 1779 legit,
1014 1697 1040 1759 tt
1042 1697 1131 1758 idries
1152 1698 1335 1772 conroborat,

457 1781 515 1844 Sed
538 1784 626 1844 verbo
648 1785 808 1862 sapientiae
1013 1782 1159 1843 Perterrct
1180 1793 1364 1861 peccatores:

457 1865 636 1946 vulpeculas
656 1867 769 1947 abegit:
1016 1865 1136 1927 Scelera
1157 1874 1364 1925 commemorat
1449 1923 1451 1926 .

457 1949 655 2012 Demoiieutos
677 1951 791 2013 vineam
1018 1950 1056 2013 Ut
1078 1951 1198 2030 quisque
1221 1949 1309 2010 vitam
1332 1946 1443 2025 corrigat

458 2033 576 2096 Domini
599 2036 743 2115 confregit
1018 2034 1171 2114 chrrnndo
1193 2044 1309 2114 patrum
1330 2051 1427 2097 mores.

387 2129 390 2134 '
459 2117 634 2197 Pieiemque
656 2120 849 2200 sanguineam
1377 2122 1385 2132 ‘

458 2200 584 2263 Domino
605 2205 730 2284 subegit.

416 2336 449 2399 9.
463 2335 543 2398 lium
558 2336 671 2399 Romae
692 2338 802 2400 clerum
815 2340 914 2420 arguit
956 2338 1008 2401 14.
1021 2336 1241 2414 Haereticorum
1263 2335 1360 2398 iacula
1386 2375 1392 2384 -

460 2419 558 2482 Lux'ui
581 2431 747 2499 vacantem,
1014 2422 1075 2483 Hic
1093 2423 1193 2482 doctor
1212 2420 1277 2492 sine
1299 2420 1410 2490 macule

355 2535 359 2540 ·
416 2517 426 2546 r
458 2504 504 2566 Ab
527 2506 598 2570 arie
614 2506 753 2569 senou-
775 2506 882 2588 repnlit
1017 2505 1159 2576 Sollerter
1180 2506 1343 2584 hebetavit,

457 2588 613 2671 'l'auquam
636 2591 894 2672 blasphemantem.
1015 2590 1086 2652 Post
1108 2590 1249 2669 stupenda
1270 2588 1409 2652 miracula

1016 2675 1060 2736 dd
1084 2674 1156 2734 coeii
1180 2674 1347 2737 hairitaraitt

1017 2759 1154 2821 Felicitcr
1176 2761 1324 2839 migravit.

398 2891 452 2955 10.
464 2891 522 2954 Hic
540 2894 804 2959 excellentissimus
956 2897 1007 2959 15.
1020 2892 1072 2953 Sic
1092 2912 1147 2953 nos
1168 2892 1265 2954 diviua
1286 2892 1382 2972 gratia
1483 2948 1488 2959 .

458 2975 543 3042 vitae
565 2979 716 3042 sanctitate
1015 2979 1088 3040 Post
1103 2977 1190 3039 huius
1211 2979 1288 3038 uitae
1310 2976 1403 3057 spatia

459 3060 499 3123 Et
520 3061 604 3143 virga
628 3065 803 3144 purissimus
1016 3063 1159 3124 Perdat-at
1180 3063 1216 3123 ad
1238 3063 1372 3123 convivia

463 3144 541 3208 Vere
561 3152 691 3210 castitate
1020 3145 1164 3208 Caelestis
1185 3146 1382 3218 hierarchiam

462 3228 501 3290 Et
521 3232 786 3296 abstinentissimus
981 3284 986 3293 .
1018 3230 1159 3293 Rachciis
1180 3233 1227 3290 dct
1247 3231 1392 3292 consortia

460 3311 527 3395 citt
547 3317 703 3398 parcitate,
1019 3315 1089 3378 Post
1111 3314 1238 3376 iatronem
1258 3316 1357 3394 Lyae,
1416 3341 1420 3345 ·

460 3397 531 3460 Fuit
550 3413 578 3463 et
600 3403 793 3478 mitissimus·
1019 3400 1057 3460 Et
1079 3399 1213 3471 Marthae
1236 3409 1301 3477 post
1329 3396 1421 3460 officia

308 3538 311 3546 .
404 3502 407 3510 ·
462 3482 580 3547 Morum
599 3489 761 3551 honestate.
1021 3483 1116 3561 Vitam
1139 3484 1185 3543 tlt’t
1207 3482 1322 3544 Mariae

402 3615 451 3681 lt.
464 3613 592 3679 Stratum
614 3620 718 3682 tiaram
740 3622 858 3701 habuit,
961 3617 1011 3683 16.
1024 3617 1091 3678 Tuo
1106 3616 1266 3677 iatervcutc
1275 3664 1284 3692 ,
1309 3639 1326 3678 c
1342 3613 1460 3678 beatissi-

462 3697 597 3761 Diaetam
618 3704 721 3766 duram
743 3707 835 3767 tenuit
1065 3721 1112 3764 me
1134 3701 1435 3784 doctorflicronymo.

462 3780 588 3860 Semper
607 3784 762 3864 vigilabat,

462 3865 501 3927 Et
523 3865 713 3948 inquantum
735 3870 827 3931 valuit

333 3998 339 4007 .
464 3949 590 4013 caruem
612 3955 699 4015 munti
721 3956 847 4016 subdidit

463 4032 565 4097 Studio
585 4040 716 4101 vacabat.

862 4159 901 4169 u*—
916 4161 1007 4168 -.—.

486 4256 565 4318 Sauo
586 4256 681 4317 ferrea
699 4266 781 4318 aetas
802 4256 904 4335 genuit
925 4258 1001 4333 hauc
1015 4256 1203 4336 chrrentiam
1224 4276 1311 4339 quarn
1334 4279 1372 4321 ax
1395 4259 1464 4320 Mis·

402 4337 458 4399 sali
470 4339 687 4420 Numbargsusi
700 4340 893 4422 transscripsi.
936 4341 1037 4403 Habes
1051 4363 1155 4405 nouum
1172 4346 1362 4405 irardararum
1377 4345 1467 4405 farra·

403 4424 517 4500 giuem,
538 4425 628 4486 huben
650 4426 812 4503 ineaurptne
833 4444 868 4486 ac
891 4426 1016 4487 rusticae
1038 4447 1160 4508 poeseos
1175 4429 1394 4506 documentum,
1410 4445 1466 4508 qino

403 4507 549 4589 sequioris
570 4511 711 4589 temporis
732 4510 840 4571 Prosae
861 4529 880 4570 a
902 4522 1017 4572 vetusta
1038 4521 1250 4590 contestataque
1265 4512 1370 4572 virtute
1395 4512 1467 4594 prio·

404 4609 470 4656 tum
482 4589 590 4654 mirum
603 4592 633 4653 iu
649 4596 765 4656 modum
773 4594 968 4672 degenerasse
981 4595 1088 4675 optimo
1105 4597 1232 4659 docetur.
1251 4597 1336 4674 Quod
1349 4597 1380 4659 in
1393 4596 1467 4659 calce
