<?xml version="1.0" encoding="UTF-8"?>
<!DOCTYPE html PUBLIC "-//W3C//DTD XHTML 1.0 Transitional//EN"
    "http://www.w3.org/TR/xhtml1/DTD/xhtml1-transitional.dtd">
<html xmlns="http://www.w3.org/1999/xhtml" xml:lang="en" lang="en">
 <head>
  <title>
</title>
<meta http-equiv="Content-Type" content="text/html;charset=utf-8" />
  <meta name='ocr-system' content='tesseract 3.04.00' />
  <meta name='ocr-capabilities' content='ocr_page ocr_carea ocr_par ocr_line ocrx_word'/>
</head>
<body>
  <div class='ocr_page' id='page_1' title='image "./thesaurushymnol02danigoog/thesaurushymnol02danigoog_0048.png"; bbox 0 0 3750 5400; ppageno 0'>
   <div class='ocr_carea' id='block_1_1' title="bbox 442 809 1576 941">
    <p class='ocr_par' dir='ltr' id='par_1_1' title="bbox 442 809 1576 941">
     <span class='ocr_line' id='line_1_1' title="bbox 442 809 1576 941; baseline 0 -22"><span class='ocrx_word' id='word_1_1' title='bbox 442 860 471 920; x_wconf 88' lang='lat' dir='ltr'><strong>iu</strong></span> <span class='ocrx_word' id='word_1_2' title='bbox 485 857 594 921; x_wconf 78' lang='lat' dir='ltr'><strong>Suesia</strong></span> <span class='ocrx_word' id='word_1_3' title='bbox 607 858 861 921; x_wconf 71' lang='lat' dir='ltr'><strong>commorationem</strong></span> <span class='ocrx_word' id='word_1_4' title='bbox 876 862 1031 941; x_wconf 77' lang='lat' dir='ltr'><strong>pertineat,</strong></span> <span class='ocrx_word' id='word_1_5' title='bbox 1045 809 1175 922; x_wconf 85' lang='lat' dir='ltr'><strong>narravit</strong></span> <span class='ocrx_word' id='word_1_6' title='bbox 1189 857 1280 927; x_wconf 76' lang='lat' dir='ltr'><strong>tutu.</strong></span> <span class='ocrx_word' id='word_1_7' title='bbox 1286 857 1372 923; x_wconf 75' lang='lat' dir='ltr'><strong>liele.</strong></span> <span class='ocrx_word' id='word_1_8' title='bbox 1392 858 1446 922; x_wconf 88' lang='lat' dir='ltr'><strong>lib.</strong></span> <span class='ocrx_word' id='word_1_9' title='bbox 1462 858 1514 939; x_wconf 88' lang='lat' dir='ltr'><strong>l.).</strong></span> <span class='ocrx_word' id='word_1_10' title='bbox 1573 921 1576 932; x_wconf 73' lang='grc'>,</span> 
     </span>
    </p>
   </div>
   <div class='ocr_carea' id='block_1_2' title="bbox 324 942 1513 1197">
    <p class='ocr_par' dir='ltr' id='par_1_2' title="bbox 324 942 1513 1197">
     <span class='ocr_line' id='line_1_2' title="bbox 442 942 1512 1024; baseline 0 -17"><span class='ocrx_word' id='word_1_11' title='bbox 442 943 493 1007; x_wconf 87' lang='grc'><strong>12.</strong></span> <span class='ocrx_word' id='word_1_12' title='bbox 514 943 548 1004; x_wconf 85' lang='lat' dir='ltr'><strong>S.</strong></span> <span class='ocrx_word' id='word_1_13' title='bbox 571 942 689 1024; x_wconf 81' lang='lat' dir='ltr'><strong>Gallus,</strong></span> <span class='ocrx_word' id='word_1_14' title='bbox 721 943 884 1007; x_wconf 74' lang='lat' dir='ltr'><strong>Suanorum</strong></span> <span class='ocrx_word' id='word_1_15' title='bbox 917 946 1067 1024; x_wconf 83' lang='lat' dir='ltr'><strong>apostulus</strong></span> <span class='ocrx_word' id='word_1_16' title='bbox 1094 964 1159 1005; x_wconf 82' lang='lat' dir='ltr'><strong>eum</strong></span> <span class='ocrx_word' id='word_1_17' title='bbox 1187 944 1337 1004; x_wconf 82' lang='lat' dir='ltr'><strong>duodecim</strong></span> <span class='ocrx_word' id='word_1_18' title='bbox 1362 946 1512 1023; x_wconf 80' lang='lat' dir='ltr'><strong>apostolis</strong></span> 
     </span>
     <span class='ocr_line' id='line_1_3' title="bbox 324 1024 1513 1115; baseline 0.003 -27"><span class='ocrx_word' id='word_1_19' title='bbox 324 1061 329 1076; x_wconf 80' lang='lat'>=</span> <span class='ocrx_word' id='word_1_20' title='bbox 439 1024 589 1096; x_wconf 67' lang='lat' dir='ltr'><strong>inobedire</strong></span> <span class='ocrx_word' id='word_1_21' title='bbox 608 1027 699 1090; x_wconf 90' lang='lat' dir='ltr'><strong>tribus</strong></span> <span class='ocrx_word' id='word_1_22' title='bbox 721 1029 810 1091; x_wconf 91' lang='lat' dir='ltr'><strong>lsrael</strong></span> <span class='ocrx_word' id='word_1_23' title='bbox 833 1029 971 1092; x_wconf 84' lang='lat' dir='ltr'><strong>iudirabit</strong></span> <span class='ocrx_word' id='word_1_24' title='bbox 990 1030 1081 1115; x_wconf 78' lang='lat' dir='ltr'><strong>(Luo.¹</strong></span> <span class='ocrx_word' id='word_1_25' title='bbox 1099 1030 1199 1107; x_wconf 77' lang='lat' dir='ltr'><strong>xxii,</strong></span> <span class='ocrx_word' id='word_1_26' title='bbox 1220 1028 1286 1105; x_wconf 90' lang='grc'><strong>30).</strong></span> <span class='ocrx_word' id='word_1_27' title='bbox 1338 1030 1387 1092; x_wconf 82' lang='grc'><strong>14.</strong></span> <span class='ocrx_word' id='word_1_28' title='bbox 1409 1030 1513 1092; x_wconf 85' lang='lat' dir='ltr'><strong>Looas</strong></span> 
     </span>
     <span class='ocr_line' id='line_1_4' title="bbox 440 1112 1443 1197; baseline 0.007 -22"><span class='ocrx_word' id='word_1_29' title='bbox 440 1113 570 1194; x_wconf 65' lang='grc'><strong>0011111118</strong></span> <span class='ocrx_word' id='word_1_30' title='bbox 592 1113 656 1175; x_wconf 67' lang='lat' dir='ltr'><strong>elli!</strong></span> <span class='ocrx_word' id='word_1_31' title='bbox 674 1114 695 1176; x_wconf 83' lang='lat' dir='ltr'><strong>i.</strong></span> <span class='ocrx_word' id='word_1_32' title='bbox 717 1135 743 1175; x_wconf 78' lang='lat' dir='ltr'><strong>e.</strong></span> <span class='ocrx_word' id='word_1_33' title='bbox 756 1114 897 1196; x_wconf 66' lang='lat' dir='ltr'><strong>ecclesia,</strong></span> <span class='ocrx_word' id='word_1_34' title='bbox 914 1128 960 1178; x_wconf 78' lang='lat' dir='ltr'><strong>ubi</strong></span> <span class='ocrx_word' id='word_1_35' title='bbox 976 1146 1066 1197; x_wconf 72' lang='lat' dir='ltr'><strong>eorpus</strong></span> <span class='ocrx_word' id='word_1_36' title='bbox 1085 1128 1195 1179; x_wconf 72' lang='lat' dir='ltr'><strong>sumitur</strong></span> <span class='ocrx_word' id='word_1_37' title='bbox 1211 1129 1269 1180; x_wconf 75' lang='lat' dir='ltr'><strong>loru</strong></span> <span class='ocrx_word' id='word_1_38' title='bbox 1286 1112 1385 1192; x_wconf 68' lang='lat' dir='ltr'><strong>xxii,</strong></span> <span class='ocrx_word' id='word_1_39' title='bbox 1408 1116 1443 1182; x_wconf 78' lang='lat'><strong>9·</strong></span> 
     </span>
    </p>
   </div>
   <div class='ocr_carea' id='block_1_3' title="bbox 818 1289 1112 1314">
    <p class='ocr_par' dir='ltr' id='par_1_3' title="bbox 818 1289 1112 1314">
     <span class='ocr_line' id='line_1_5' title="bbox 818 1289 1112 1314; baseline -0.007 0"><span class='ocrx_word' id='word_1_40' title='bbox 818 1289 1112 1314; x_wconf 61' lang='lat'>...—....-4.-.</span> 
     </span>
    </p>
   </div>
   <div class='ocr_carea' id='block_1_4' title="bbox 915 1442 1038 1510">
    <p class='ocr_par' dir='ltr' id='par_1_4' title="bbox 915 1442 1038 1510">
     <span class='ocr_line' id='line_1_6' title="bbox 915 1442 1038 1510; baseline 0.008 -1"><span class='ocrx_word' id='word_1_41' title='bbox 915 1442 1038 1510; x_wconf 83' lang='lat' dir='ltr'>XXVI.</span> 
     </span>
    </p>
   </div>
   <div class='ocr_carea' id='block_1_5' title="bbox 772 1583 1170 1653">
    <p class='ocr_par' dir='ltr' id='par_1_5' title="bbox 772 1583 1170 1653">
     <span class='ocr_line' id='line_1_7' title="bbox 772 1583 1170 1653; baseline -0.003 -2"><span class='ocrx_word' id='word_1_42' title='bbox 772 1587 829 1651; x_wconf 84' lang='lat' dir='ltr'><strong>De</strong></span> <span class='ocrx_word' id='word_1_43' title='bbox 844 1583 1008 1653; x_wconf 66' lang='lat' dir='ltr'><strong>&#39;ossam</strong></span> <span class='ocrx_word' id='word_1_44' title='bbox 1025 1584 1170 1650; x_wconf 76' lang='lat' dir='ltr'><strong>sama.</strong></span> 
     </span>
    </p>
   </div>
   <div class='ocr_carea' id='block_1_6' title="bbox 420 1693 1571 3168">
    <p class='ocr_par' dir='ltr' id='par_1_6' title="bbox 420 1693 1571 3168">
     <span class='ocr_line' id='line_1_8' title="bbox 503 1693 1187 1789; baseline -0.013 -12"><span class='ocrx_word' id='word_1_45' title='bbox 503 1716 533 1780; x_wconf 94' lang='grc'><strong>1.</strong></span> <span class='ocrx_word' id='word_1_46' title='bbox 573 1710 683 1772; x_wconf 81' lang='lat' dir='ltr'><strong>Omnes</strong></span> <span class='ocrx_word' id='word_1_47' title='bbox 704 1693 797 1769; x_wconf 81' lang='lat' dir='ltr'><strong>saneti</strong></span> <span class='ocrx_word' id='word_1_48' title='bbox 818 1705 990 1789; x_wconf 76' lang='lat' dir='ltr'><strong>Seraphim,</strong></span> <span class='ocrx_word' id='word_1_49' title='bbox 1009 1704 1187 1786; x_wconf 80' lang='lat' dir='ltr'><strong>Cherubim,</strong></span> 
     </span>
     <span class='ocr_line' id='line_1_9' title="bbox 500 1806 1128 1891; baseline -0.011 -15"><span class='ocrx_word' id='word_1_50' title='bbox 500 1816 533 1876; x_wconf 83' lang='lat'><strong>2.</strong></span> <span class='ocrx_word' id='word_1_51' title='bbox 575 1810 688 1874; x_wconf 83' lang='lat' dir='ltr'><strong>Tbroui</strong></span> <span class='ocrx_word' id='word_1_52' title='bbox 711 1830 823 1891; x_wconf 82' lang='lat' dir='ltr'><strong>quoque</strong></span> <span class='ocrx_word' id='word_1_53' title='bbox 843 1806 1128 1888; x_wconf 81' lang='lat' dir='ltr'><strong>Domiuationosque.</strong></span> 
     </span>
     <span class='ocr_line' id='line_1_10' title="bbox 499 1909 1424 1998; baseline -0.014 -18"><span class='ocrx_word' id='word_1_54' title='bbox 499 1915 532 1980; x_wconf 87' lang='grc'><strong>3.</strong></span> <span class='ocrx_word' id='word_1_55' title='bbox 574 1913 774 1994; x_wconf 81' lang='lat' dir='ltr'><strong>Principatns,</strong></span> <span class='ocrx_word' id='word_1_56' title='bbox 796 1911 973 1985; x_wconf 67' lang='lat' dir='ltr'><strong>potestates,</strong></span> <span class='ocrx_word' id='word_1_57' title='bbox 994 1909 1140 1991; x_wconf 79' lang='lat' dir='ltr'><strong>Virtute-s,</strong></span> <span class='ocrx_word' id='word_1_58' title='bbox 1420 1979 1424 1998; x_wconf 48' lang='grc' dir='ltr'>Ι</span> 
     </span>
     <span class='ocr_line' id='line_1_11' title="bbox 501 2009 1406 2095; baseline -0.004 -16"><span class='ocrx_word' id='word_1_59' title='bbox 501 2018 533 2083; x_wconf 84' lang='grc'><strong>4.</strong></span> <span class='ocrx_word' id='word_1_60' title='bbox 573 2011 765 2093; x_wconf 77' lang='lat' dir='ltr'>Archangeli,</span> <span class='ocrx_word' id='word_1_61' title='bbox 796 2009 905 2091; x_wconf 70' lang='lat' dir='ltr'><strong>augeli</strong></span> <span class='ocrx_word' id='word_1_62' title='bbox 925 2030 979 2073; x_wconf 82' lang='lat' dir='ltr'><strong>vos</strong></span> <span class='ocrx_word' id='word_1_63' title='bbox 1001 2012 1082 2072; x_wconf 69' lang='lat' dir='ltr'><strong>timet</strong></span> <span class='ocrx_word' id='word_1_64' title='bbox 1104 2010 1169 2073; x_wconf 89' lang='lat' dir='ltr'><strong>laus</strong></span> <span class='ocrx_word' id='word_1_65' title='bbox 1191 2021 1219 2089; x_wconf 81' lang='lat' dir='ltr'><strong>et</strong></span> <span class='ocrx_word' id='word_1_66' title='bbox 1239 2012 1376 2079; x_wconf 84' lang='lat' dir='ltr'><strong>bonores.</strong></span> <span class='ocrx_word' id='word_1_67' title='bbox 1400 2084 1406 2095; x_wconf 42' lang='grc'><strong><em>,</em></strong></span> 
     </span>
     <span class='ocr_line' id='line_1_12' title="bbox 420 2107 1180 2193; baseline -0.012 -11"><span class='ocrx_word' id='word_1_68' title='bbox 420 2107 424 2119; x_wconf 74' lang='grc'>’</span> <span class='ocrx_word' id='word_1_69' title='bbox 499 2120 530 2186; x_wconf 75' lang='grc' dir='ltr'><strong>ὁ.</strong></span> <span class='ocrx_word' id='word_1_70' title='bbox 570 2117 694 2179; x_wconf 81' lang='lat' dir='ltr'>Ordines</span> <span class='ocrx_word' id='word_1_71' title='bbox 715 2113 820 2176; x_wconf 77' lang='lat' dir='ltr'><strong>noveni</strong></span> <span class='ocrx_word' id='word_1_72' title='bbox 841 2112 996 2193; x_wconf 71' lang='lat' dir='ltr'><strong>spirituum</strong></span> <span class='ocrx_word' id='word_1_73' title='bbox 1021 2114 1180 2175; x_wconf 83' lang='lat' dir='ltr'><strong>beatorum.</strong></span> 
     </span>
     <span class='ocr_line' id='line_1_13' title="bbox 500 2212 1207 2284; baseline -0.01 0"><span class='ocrx_word' id='word_1_74' title='bbox 500 2221 530 2284; x_wconf 88' lang='grc'><strong>6.</strong></span> <span class='ocrx_word' id='word_1_75' title='bbox 572 2218 633 2283; x_wconf 78' lang='lat' dir='ltr'><strong>Vos</strong></span> <span class='ocrx_word' id='word_1_76' title='bbox 653 2217 684 2278; x_wconf 88' lang='lat' dir='ltr'><strong>in</strong></span> <span class='ocrx_word' id='word_1_77' title='bbox 704 2214 760 2278; x_wconf 85' lang='lat' dir='ltr'><strong>Dei</strong></span> <span class='ocrx_word' id='word_1_78' title='bbox 783 2214 915 2276; x_wconf 78' lang='lat' dir='ltr'><strong>laudibus</strong></span> <span class='ocrx_word' id='word_1_79' title='bbox 937 2212 1063 2275; x_wconf 83' lang='lat' dir='ltr'><strong>lirmavit</strong></span> <span class='ocrx_word' id='word_1_80' title='bbox 1084 2214 1207 2277; x_wconf 79' lang='lat' dir='ltr'><strong>raritasr</strong></span> 
     </span>
     <span class='ocr_line' id='line_1_14' title="bbox 502 2313 1238 2397; baseline -0.01 -11"><span class='ocrx_word' id='word_1_81' title='bbox 502 2323 534 2386; x_wconf 89' lang='grc'><strong>7.</strong></span> <span class='ocrx_word' id='word_1_82' title='bbox 576 2320 639 2382; x_wconf 86' lang='lat' dir='ltr'><strong>Nos</strong></span> <span class='ocrx_word' id='word_1_83' title='bbox 660 2316 784 2397; x_wconf 79' lang='lat' dir='ltr'><strong>fragiles</strong></span> <span class='ocrx_word' id='word_1_84' title='bbox 803 2313 938 2377; x_wconf 82' lang='lat' dir='ltr'><strong>homiues</strong></span> <span class='ocrx_word' id='word_1_85' title='bbox 959 2313 1071 2377; x_wconf 84' lang='lat' dir='ltr'><strong>firmate</strong></span> <span class='ocrx_word' id='word_1_86' title='bbox 1094 2318 1238 2396; x_wconf 72' lang='lat' dir='ltr'><strong>procilius.</strong></span> 
     </span>
     <span class='ocr_line' id='line_1_15' title="bbox 500 2417 1508 2507; baseline 0.007 -24"><span class='ocrx_word' id='word_1_87' title='bbox 500 2424 532 2488; x_wconf 87' lang='grc'><strong>8.</strong></span> <span class='ocrx_word' id='word_1_88' title='bbox 573 2421 614 2483; x_wconf 87' lang='lat' dir='ltr'><strong>Ut</strong></span> <span class='ocrx_word' id='word_1_89' title='bbox 647 2418 795 2501; x_wconf 87' lang='lat' dir='ltr'><strong>spiritales</strong></span> <span class='ocrx_word' id='word_1_90' title='bbox 835 2417 994 2499; x_wconf 75' lang='lat' dir='ltr'><strong>pravitates</strong></span> <span class='ocrx_word' id='word_1_91' title='bbox 1031 2429 1127 2481; x_wconf 82' lang='lat' dir='ltr'><strong>vostro</strong></span> <span class='ocrx_word' id='word_1_92' title='bbox 1172 2418 1319 2507; x_wconf 82' lang='lat' dir='ltr'><strong>lavamine</strong></span> <span class='ocrx_word' id='word_1_93' title='bbox 1354 2420 1508 2490; x_wconf 73' lang='lat' dir='ltr'><strong>vincentes</strong></span> 
     </span>
     <span class='ocr_line' id='line_1_16' title="bbox 435 2510 564 2587; baseline -0.031 -14"><span class='ocrx_word' id='word_1_94' title='bbox 435 2510 564 2587; x_wconf 81' lang='lat' dir='ltr'><strong>fortiter,</strong></span> 
     </span>
     <span class='ocr_line' id='line_1_17' title="bbox 499 2595 1571 2687; baseline 0.002 -14"><span class='ocrx_word' id='word_1_95' title='bbox 499 2608 533 2679; x_wconf 75' lang='grc'><strong>9.</strong></span> <span class='ocrx_word' id='word_1_96' title='bbox 572 2608 657 2671; x_wconf 82' lang='lat' dir='ltr'><strong>Nunc</strong></span> <span class='ocrx_word' id='word_1_97' title='bbox 676 2617 704 2667; x_wconf 90' lang='lat' dir='ltr'><strong>et</strong></span> <span class='ocrx_word' id='word_1_98' title='bbox 724 2604 754 2666; x_wconf 89' lang='lat' dir='ltr'><strong>iu</strong></span> <span class='ocrx_word' id='word_1_99' title='bbox 774 2624 879 2669; x_wconf 83' lang='lat' dir='ltr'><strong>aerum</strong></span> <span class='ocrx_word' id='word_1_100' title='bbox 898 2602 1004 2667; x_wconf 82' lang='lat' dir='ltr'><strong>vestris</strong></span> <span class='ocrx_word' id='word_1_101' title='bbox 1025 2604 1118 2668; x_wconf 86' lang='lat' dir='ltr'><strong>simas</strong></span> <span class='ocrx_word' id='word_1_102' title='bbox 1132 2595 1212 2687; x_wconf 77' lang='lat' dir='ltr'><strong>eii&#39;gni</strong></span> <span class='ocrx_word' id='word_1_103' title='bbox 1231 2605 1393 2671; x_wconf 78' lang='lat' dir='ltr'><strong>sollemniis</strong></span> <span class='ocrx_word' id='word_1_104' title='bbox 1415 2607 1508 2674; x_wconf 86' lang='lat' dir='ltr'><strong>inter-</strong></span> <span class='ocrx_word' id='word_1_105' title='bbox 1568 2598 1571 2608; x_wconf 49' lang='lat'><em>¹</em></span> 
     </span>
     <span class='ocr_line' id='line_1_18' title="bbox 436 2715 624 2763; baseline -0.037 -1"><span class='ocrx_word' id='word_1_106' title='bbox 436 2718 501 2762; x_wconf 85' lang='lat' dir='ltr'><strong>esse</strong></span> <span class='ocrx_word' id='word_1_107' title='bbox 522 2715 624 2763; x_wconf 77' lang='lat' dir='ltr'><strong>saeris.</strong></span> 
     </span>
     <span class='ocr_line' id='line_1_19' title="bbox 479 2792 1170 2877; baseline -0.013 -13"><span class='ocrx_word' id='word_1_108' title='bbox 479 2800 531 2867; x_wconf 85' lang='lat'><strong>10.</strong></span> <span class='ocrx_word' id='word_1_109' title='bbox 570 2797 630 2859; x_wconf 81' lang='lat' dir='ltr'><strong>Vos</strong></span> <span class='ocrx_word' id='word_1_110' title='bbox 652 2815 724 2877; x_wconf 82' lang='lat' dir='ltr'><strong>qnos</strong></span> <span class='ocrx_word' id='word_1_111' title='bbox 745 2792 799 2855; x_wconf 87' lang='lat' dir='ltr'><strong>Dei</strong></span> <span class='ocrx_word' id='word_1_112' title='bbox 822 2793 919 2875; x_wconf 80' lang='lat' dir='ltr'><strong>gratia</strong></span> <span class='ocrx_word' id='word_1_113' title='bbox 940 2792 1055 2855; x_wconf 81' lang='lat' dir='ltr'><strong>vincere</strong></span> <span class='ocrx_word' id='word_1_114' title='bbox 1075 2802 1170 2855; x_wconf 83' lang='lat' dir='ltr'><strong>terrea</strong></span> 
     </span>
     <span class='ocr_line' id='line_1_20' title="bbox 480 2893 1137 2976; baseline -0.006 -14"><span class='ocrx_word' id='word_1_115' title='bbox 480 2902 530 2966; x_wconf 90' lang='lat'><strong>11.</strong></span> <span class='ocrx_word' id='word_1_116' title='bbox 571 2899 610 2959; x_wconf 88' lang='lat' dir='ltr'><strong>Et</strong></span> <span class='ocrx_word' id='word_1_117' title='bbox 630 2896 745 2976; x_wconf 75' lang='lat' dir='ltr'><strong>angelis</strong></span> <span class='ocrx_word' id='word_1_118' title='bbox 767 2895 862 2958; x_wconf 80' lang='lat' dir='ltr'><strong>sorios</strong></span> <span class='ocrx_word' id='word_1_119' title='bbox 883 2894 952 2957; x_wconf 84' lang='lat' dir='ltr'><strong>lecit</strong></span> <span class='ocrx_word' id='word_1_120' title='bbox 974 2913 1039 2954; x_wconf 87' lang='lat' dir='ltr'><strong>esse</strong></span> <span class='ocrx_word' id='word_1_121' title='bbox 1060 2893 1137 2975; x_wconf 87' lang='lat' dir='ltr'><strong>polo.</strong></span> 
     </span>
     <span class='ocr_line' id='line_1_21' title="bbox 480 2994 1504 3086; baseline 0.001 -23"><span class='ocrx_word' id='word_1_122' title='bbox 480 3001 530 3066; x_wconf 88' lang='lat'><strong>12.</strong></span> <span class='ocrx_word' id='word_1_123' title='bbox 570 2998 631 3062; x_wconf 77' lang='lat' dir='ltr'><strong>Vos</strong></span> <span class='ocrx_word' id='word_1_124' title='bbox 666 2998 864 3079; x_wconf 80' lang='lat' dir='ltr'><strong>patriarchae,</strong></span> <span class='ocrx_word' id='word_1_125' title='bbox 904 2997 1081 3077; x_wconf 84' lang='lat' dir='ltr'><strong>prophetae,</strong></span> <span class='ocrx_word' id='word_1_126' title='bbox 1124 2994 1265 3078; x_wconf 85' lang='lat' dir='ltr'><strong>apostoli,</strong></span> <span class='ocrx_word' id='word_1_127' title='bbox 1306 3001 1504 3086; x_wconf 78' lang='lat' dir='ltr'><strong>confessores,</strong></span> 
     </span>
     <span class='ocr_line' id='line_1_22' title="bbox 436 3083 928 3168; baseline -0.012 -18"><span class='ocrx_word' id='word_1_128' title='bbox 436 3096 599 3168; x_wconf 84' lang='lat' dir='ltr'><strong>martyres‚&#39;</strong></span> <span class='ocrx_word' id='word_1_129' title='bbox 618 3085 767 3164; x_wconf 82' lang='lat' dir='ltr'><strong>monaehi,</strong></span> <span class='ocrx_word' id='word_1_130' title='bbox 790 3083 928 3164; x_wconf 74' lang='lat' dir='ltr'><strong>uirgines.</strong></span> 
     </span>
    </p>
   </div>
   <div class='ocr_carea' id='block_1_7' title="bbox 435 3182 1505 3354">
    <p class='ocr_par' dir='ltr' id='par_1_7' title="bbox 435 3182 1505 3354">
     <span class='ocr_line' id='line_1_23' title="bbox 455 3182 1505 3270; baseline -0.01 -19"><span class='ocrx_word' id='word_1_131' title='bbox 455 3248 458 3255; x_wconf 89' lang='grc'><strong>,</strong></span> <span class='ocrx_word' id='word_1_132' title='bbox 479 3189 530 3252; x_wconf 89' lang='grc'><strong>13.</strong></span> <span class='ocrx_word' id='word_1_133' title='bbox 572 3187 610 3248; x_wconf 85' lang='lat' dir='ltr'><strong>Et</strong></span> <span class='ocrx_word' id='word_1_134' title='bbox 628 3186 780 3247; x_wconf 80' lang='lat' dir='ltr'><strong>riduaram</strong></span> <span class='ocrx_word' id='word_1_135' title='bbox 800 3196 967 3247; x_wconf 78' lang='lat' dir='ltr'><strong>sanctarum</strong></span> <span class='ocrx_word' id='word_1_136' title='bbox 993 3183 1178 3262; x_wconf 86' lang='lat' dir='ltr'><strong>omniumque</strong></span> <span class='ocrx_word' id='word_1_137' title='bbox 1206 3182 1382 3264; x_wconf 75' lang='lat' dir='ltr'><strong>placentium</strong></span> <span class='ocrx_word' id='word_1_138' title='bbox 1409 3210 1505 3270; x_wconf 69' lang='lat' dir='ltr'><strong>popu.</strong></span> 
     </span>
     <span class='ocr_line' id='line_1_24' title="bbox 435 3273 788 3354; baseline -0.017 -17"><span class='ocrx_word' id='word_1_139' title='bbox 435 3274 482 3339; x_wconf 89' lang='lat' dir='ltr'><strong>lns</strong></span> <span class='ocrx_word' id='word_1_140' title='bbox 502 3292 638 3354; x_wconf 85' lang='lat' dir='ltr'><strong>supremo</strong></span> <span class='ocrx_word' id='word_1_141' title='bbox 662 3273 788 3333; x_wconf 88' lang='lat' dir='ltr'><strong>domino.</strong></span> 
     </span>
    </p>
   </div>
   <div class='ocr_carea' id='block_1_8' title="bbox 360 3355 1504 3524">
    <p class='ocr_par' dir='ltr' id='par_1_8' title="bbox 360 3355 1504 3524">
     <span class='ocr_line' id='line_1_25' title="bbox 478 3355 1504 3457; baseline -0.002 -17"><span class='ocrx_word' id='word_1_142' title='bbox 478 3377 529 3440; x_wconf 85' lang='lat'><strong>14.</strong></span> <span class='ocrx_word' id='word_1_143' title='bbox 571 3375 633 3437; x_wconf 89' lang='lat' dir='ltr'><strong>Nos</strong></span> <span class='ocrx_word' id='word_1_144' title='bbox 660 3373 834 3436; x_wconf 85' lang='lat' dir='ltr'><strong>adiutorium</strong></span> <span class='ocrx_word' id='word_1_145' title='bbox 860 3391 938 3435; x_wconf 89' lang='lat' dir='ltr'><strong>nuno</strong></span> <span class='ocrx_word' id='word_1_146' title='bbox 965 3381 995 3432; x_wconf 86' lang='lat' dir='ltr'><strong>et</strong></span> <span class='ocrx_word' id='word_1_147' title='bbox 1022 3367 1185 3451; x_wconf 84' lang='lat' dir='ltr'><strong>perenniter</strong></span> <span class='ocrx_word' id='word_1_148' title='bbox 1213 3368 1325 3449; x_wconf 78' lang='lat' dir='ltr'><strong>laneat,</strong></span> <span class='ocrx_word' id='word_1_149' title='bbox 1359 3355 1504 3457; x_wconf 53' lang='lat' dir='ltr'><strong>protraat,</strong></span> 
     </span>
     <span class='ocr_line' id='line_1_26' title="bbox 360 3470 626 3524; baseline -0.023 0"><span class='ocrx_word' id='word_1_150' title='bbox 360 3502 363 3509; x_wconf 80' lang='lat'><em>,</em></span> <span class='ocrx_word' id='word_1_151' title='bbox 436 3470 469 3524; x_wconf 86' lang='lat' dir='ltr'><strong>nt</strong></span> <span class='ocrx_word' id='word_1_152' title='bbox 490 3470 626 3522; x_wconf 80' lang='lat' dir='ltr'><strong>uestrum.</strong></span> 
     </span>
    </p>
   </div>
   <div class='ocr_carea' id='block_1_9' title="bbox 479 3530 1225 3635">
    <p class='ocr_par' dir='ltr' id='par_1_9' title="bbox 479 3530 1225 3635">
     <span class='ocr_line' id='line_1_27' title="bbox 479 3530 1225 3635; baseline -0.013 -11"><span class='ocrx_word' id='word_1_153' title='bbox 479 3563 530 3627; x_wconf 81' lang='lat' dir='ltr'><strong>lo.</strong></span> <span class='ocrx_word' id='word_1_154' title='bbox 571 3558 603 3618; x_wconf 92' lang='lat' dir='ltr'><strong>ln</strong></span> <span class='ocrx_word' id='word_1_155' title='bbox 625 3554 671 3616; x_wconf 84' lang='lat' dir='ltr'><strong>die</strong></span> <span class='ocrx_word' id='word_1_156' title='bbox 694 3556 840 3635; x_wconf 79' lang='lat' dir='ltr'><strong>posuimus</strong></span> <span class='ocrx_word' id='word_1_157' title='bbox 861 3554 1034 3635; x_wconf 73' lang='lat' dir='ltr'><strong>gaudiorum</strong></span> <span class='ocrx_word' id='word_1_158' title='bbox 1053 3530 1225 3614; x_wconf 73' lang='lat' dir='ltr'><strong>vestroruin.</strong></span> 
     </span>
    </p>
   </div>
   <div class='ocr_carea' id='block_1_10' title="bbox 894 3708 1041 3724">
    <p class='ocr_par' dir='ltr' id='par_1_10' title="bbox 894 3708 1041 3724">
     <span class='ocr_line' id='line_1_28' title="bbox 894 3708 1041 3724; baseline -0.007 -2"><span class='ocrx_word' id='word_1_159' title='bbox 894 3708 1041 3724; x_wconf 63' lang='lat' dir='ltr'><em>m</em></span> 
     </span>
    </p>
   </div>
   <div class='ocr_carea' id='block_1_11' title="bbox 304 3806 1513 4670">
    <p class='ocr_par' dir='ltr' id='par_1_11' title="bbox 404 3806 1500 3886">
     <span class='ocr_line' id='line_1_29' title="bbox 404 3806 1500 3886; baseline 0.009 -19"><span class='ocrx_word' id='word_1_160' title='bbox 404 3860 408 3867; x_wconf 91' lang='grc'><em>,</em></span> <span class='ocrx_word' id='word_1_161' title='bbox 519 3813 734 3875; x_wconf 82' lang='lat' dir='ltr'><strong>Enumerantur</strong></span> <span class='ocrx_word' id='word_1_162' title='bbox 755 3808 784 3869; x_wconf 87' lang='lat' dir='ltr'><strong>in</strong></span> <span class='ocrx_word' id='word_1_163' title='bbox 805 3807 862 3885; x_wconf 83' lang='lat' dir='ltr'><strong>bao</strong></span> <span class='ocrx_word' id='word_1_164' title='bbox 883 3806 1033 3886; x_wconf 85' lang='lat' dir='ltr'><strong>sequentia</strong></span> <span class='ocrx_word' id='word_1_165' title='bbox 1049 3817 1215 3871; x_wconf 79' lang='lat' dir='ltr'><strong>sanctornm</strong></span> <span class='ocrx_word' id='word_1_166' title='bbox 1235 3812 1315 3872; x_wconf 85' lang='lat' dir='ltr'><strong>ebori</strong></span> <span class='ocrx_word' id='word_1_167' title='bbox 1338 3833 1377 3876; x_wconf 89' lang='lat' dir='ltr'><strong>ex</strong></span> <span class='ocrx_word' id='word_1_168' title='bbox 1398 3816 1500 3877; x_wconf 80' lang='lat' dir='ltr'><strong>eodem</strong></span> 
     </span>
    </p>

    <p class='ocr_par' dir='ltr' id='par_1_12' title="bbox 435 3891 1501 3980">
     <span class='ocr_line' id='line_1_30' title="bbox 435 3891 1501 3980; baseline 0.001 -18"><span class='ocrx_word' id='word_1_169' title='bbox 435 3899 535 3962; x_wconf 85' lang='lat' dir='ltr'><strong>ordine</strong></span> <span class='ocrx_word' id='word_1_170' title='bbox 557 3915 642 3976; x_wconf 81' lang='lat' dir='ltr'><strong>quem</strong></span> <span class='ocrx_word' id='word_1_171' title='bbox 657 3891 687 3953; x_wconf 91' lang='lat' dir='ltr'><strong>in</strong></span> <span class='ocrx_word' id='word_1_172' title='bbox 698 3894 820 3955; x_wconf 82' lang='lat' dir='ltr'><strong>ecelesia</strong></span> <span class='ocrx_word' id='word_1_173' title='bbox 834 3893 887 3954; x_wconf 87' lang='lat' dir='ltr'><strong>rite</strong></span> <span class='ocrx_word' id='word_1_174' title='bbox 900 3892 1042 3955; x_wconf 83' lang='lat' dir='ltr'><strong>obtinent:</strong></span> <span class='ocrx_word' id='word_1_175' title='bbox 1060 3913 1128 3957; x_wconf 86' lang='lat' dir='ltr'><strong>nam</strong></span> <span class='ocrx_word' id='word_1_176' title='bbox 1147 3898 1221 3975; x_wconf 82' lang='lat' dir='ltr'><strong>quotl</strong></span> <span class='ocrx_word' id='word_1_177' title='bbox 1242 3899 1394 3975; x_wconf 81' lang='lat' dir='ltr'><strong>proposuit</strong></span> <span class='ocrx_word' id='word_1_178' title='bbox 1415 3911 1501 3980; x_wconf 85' lang='lat' dir='ltr'><strong>poeta</strong></span> 
     </span>
    </p>

    <p class='ocr_par' dir='ltr' id='par_1_13' title="bbox 435 3979 1502 4060">
     <span class='ocr_line' id='line_1_31' title="bbox 435 3979 1502 4060; baseline -0.004 -11"><span class='ocrx_word' id='word_1_179' title='bbox 435 3987 473 4051; x_wconf 92' lang='lat' dir='ltr'><strong>ol.</strong></span> <span class='ocrx_word' id='word_1_180' title='bbox 500 3983 549 4048; x_wconf 88' lang='grc'><strong>10.</strong></span> <span class='ocrx_word' id='word_1_181' title='bbox 576 3979 758 4042; x_wconf 75' lang='lat' dir='ltr'><strong>confessores</strong></span> <span class='ocrx_word' id='word_1_182' title='bbox 784 3979 979 4059; x_wconf 85' lang='lat' dir='ltr'><strong>martyribus,</strong></span> <span class='ocrx_word' id='word_1_183' title='bbox 1011 3979 1039 4038; x_wconf 87' lang='lat' dir='ltr'><strong>id</strong></span> <span class='ocrx_word' id='word_1_184' title='bbox 1067 3991 1204 4060; x_wconf 71' lang='lat' dir='ltr'><strong>munnam</strong></span> <span class='ocrx_word' id='word_1_185' title='bbox 1231 3981 1262 4047; x_wconf 87' lang='lat' dir='ltr'><strong>S.</strong></span> <span class='ocrx_word' id='word_1_186' title='bbox 1290 3982 1368 4043; x_wconf 86' lang='lat' dir='ltr'><strong>Galli</strong></span> <span class='ocrx_word' id='word_1_187' title='bbox 1397 4005 1502 4046; x_wconf 91' lang='lat' dir='ltr'><strong>mona-</strong></span> 
     </span>
    </p>

    <p class='ocr_par' dir='ltr' id='par_1_14' title="bbox 435 4062 1500 4149">
     <span class='ocr_line' id='line_1_32' title="bbox 435 4062 1500 4149; baseline -0.003 -14"><span class='ocrx_word' id='word_1_188' title='bbox 435 4075 508 4135; x_wconf 85' lang='lat' dir='ltr'><strong>ebns</strong></span> <span class='ocrx_word' id='word_1_189' title='bbox 531 4076 647 4149; x_wconf 83' lang='lat' dir='ltr'><strong>propter</strong></span> <span class='ocrx_word' id='word_1_190' title='bbox 668 4075 841 4126; x_wconf 86' lang='lat' dir='ltr'><strong>sanetorum·</strong></span> <span class='ocrx_word' id='word_1_191' title='bbox 854 4066 1075 4126; x_wconf 84' lang='lat' dir='ltr'><strong>domesticorum</strong></span> <span class='ocrx_word' id='word_1_192' title='bbox 1095 4062 1191 4147; x_wconf 85' lang='lat' dir='ltr'><strong>Galli,</strong></span> <span class='ocrx_word' id='word_1_193' title='bbox 1213 4066 1402 4144; x_wconf 79' lang='lat' dir='ltr'><strong>columbani,</strong></span> <span class='ocrx_word' id='word_1_194' title='bbox 1426 4071 1500 4132; x_wconf 91' lang='lat' dir='ltr'><strong>0tb·</strong></span> 
     </span>
    </p>

    <p class='ocr_par' dir='ltr' id='par_1_15' title="bbox 304 4146 1500 4220">
     <span class='ocr_line' id='line_1_33' title="bbox 304 4146 1500 4220; baseline -0.003 0"><span class='ocrx_word' id='word_1_195' title='bbox 304 4150 310 4162; x_wconf 79' lang='grc'><em>’</em></span> <span class='ocrx_word' id='word_1_196' title='bbox 435 4157 510 4220; x_wconf 82' lang='lat' dir='ltr'><strong>mari</strong></span> <span class='ocrx_word' id='word_1_197' title='bbox 533 4147 722 4215; x_wconf 71' lang='lat' dir='ltr'><strong>resonantiam</strong></span> <span class='ocrx_word' id='word_1_198' title='bbox 744 4146 849 4209; x_wconf 80' lang='lat' dir='ltr'><strong>lenisse</strong></span> <span class='ocrx_word' id='word_1_199' title='bbox 872 4148 992 4211; x_wconf 83' lang='lat' dir='ltr'><strong>videtur.</strong></span> <span class='ocrx_word' id='word_1_200' title='bbox 1013 4184 1056 4195; x_wconf 96' lang='lat'><em>-</em></span> <span class='ocrx_word' id='word_1_201' title='bbox 1077 4153 1107 4217; x_wconf 83' lang='lat'><strong>4.</strong></span> <span class='ocrx_word' id='word_1_202' title='bbox 1118 4152 1171 4217; x_wconf 82' lang='lat' dir='ltr'><strong>ad.</strong></span> <span class='ocrx_word' id='word_1_203' title='bbox 1191 4153 1318 4217; x_wconf 84' lang='lat' dir='ltr'><strong>bonor.</strong></span> <span class='ocrx_word' id='word_1_204' title='bbox 1360 4153 1500 4216; x_wconf 83' lang='lat' dir='ltr'><strong>Fortasse</strong></span> 
     </span>
    </p>

    <p class='ocr_par' dir='ltr' id='par_1_16' title="bbox 436 4232 1500 4322">
     <span class='ocr_line' id='line_1_34' title="bbox 436 4232 1500 4322; baseline -0.003 -22"><span class='ocrx_word' id='word_1_205' title='bbox 436 4241 592 4322; x_wconf 76' lang='lat' dir='ltr'><strong>legandum</strong></span> <span class='ocrx_word' id='word_1_206' title='bbox 613 4237 753 4298; x_wconf 80' lang='lat' dir='ltr'><strong>decent.</strong></span> <span class='ocrx_word' id='word_1_207' title='bbox 773 4260 776 4271; x_wconf 74' lang='lat'>=</span> <span class='ocrx_word' id='word_1_208' title='bbox 794 4235 823 4299; x_wconf 77' lang='lat'><strong>5.</strong></span> <span class='ocrx_word' id='word_1_209' title='bbox 840 4232 887 4294; x_wconf 83' lang='lat' dir='ltr'><strong>M.</strong></span> <span class='ocrx_word' id='word_1_210' title='bbox 909 4235 940 4301; x_wconf 76' lang='grc' dir='ltr'><strong>ὃ.</strong></span> <span class='ocrx_word' id='word_1_211' title='bbox 960 4235 989 4301; x_wconf 88' lang='grc'><strong>6.</strong></span> <span class='ocrx_word' id='word_1_212' title='bbox 1008 4256 1185 4303; x_wconf 78' lang='lat' dir='ltr'><strong>novenos.</strong></span> <span class='ocrx_word' id='word_1_213' title='bbox 1232 4237 1262 4300; x_wconf 89' lang='grc'><strong>6.</strong></span> <span class='ocrx_word' id='word_1_214' title='bbox 1292 4236 1335 4297; x_wconf 87' lang='lat' dir='ltr'><strong>lta</strong></span> <span class='ocrx_word' id='word_1_215' title='bbox 1354 4237 1395 4305; x_wconf 85' lang='lat' dir='ltr'><strong>M.</strong></span> <span class='ocrx_word' id='word_1_216' title='bbox 1416 4241 1445 4305; x_wconf 78' lang='grc'><strong>5,</strong></span> <span class='ocrx_word' id='word_1_217' title='bbox 1467 4242 1500 4305; x_wconf 91' lang='grc'><strong>6.</strong></span> 
     </span>
    </p>

    <p class='ocr_par' dir='ltr' id='par_1_17' title="bbox 435 4316 1499 4404">
     <span class='ocr_line' id='line_1_35' title="bbox 435 4316 1499 4404; baseline -0.002 -15"><span class='ocrx_word' id='word_1_218' title='bbox 435 4325 568 4404; x_wconf 80' lang='lat' dir='ltr'><strong>Reliquis</strong></span> <span class='ocrx_word' id='word_1_219' title='bbox 588 4339 681 4404; x_wconf 85' lang='lat' dir='ltr'><strong>qnos</strong></span> <span class='ocrx_word' id='word_1_220' title='bbox 700 4317 738 4380; x_wconf 88' lang='lat' dir='ltr'><strong>in</strong></span> <span class='ocrx_word' id='word_1_221' title='bbox 758 4316 834 4385; x_wconf 84' lang='lat' dir='ltr'><strong>Dei.</strong></span> <span class='ocrx_word' id='word_1_222' title='bbox 874 4321 906 4382; x_wconf 81' lang='grc'><strong>9.</strong></span> <span class='ocrx_word' id='word_1_223' title='bbox 929 4318 1016 4387; x_wconf 82' lang='lat' dir='ltr'><strong>Torr.</strong></span> <span class='ocrx_word' id='word_1_224' title='bbox 1034 4319 1090 4385; x_wconf 78' lang='lat' dir='ltr'><strong>Ad.</strong></span> <span class='ocrx_word' id='word_1_225' title='bbox 1109 4317 1213 4386; x_wconf 83' lang='lat' dir='ltr'><strong>Cliebt.</strong></span> <span class='ocrx_word' id='word_1_226' title='bbox 1230 4320 1499 4399; x_wconf 79' lang='lat' dir='ltr'><strong>sollemnibus.</strong></span> 
     </span>
    </p>

    <p class='ocr_par' dir='ltr' id='par_1_18' title="bbox 318 4411 1513 4578">
     <span class='ocr_line' id='line_1_36' title="bbox 318 4411 1499 4486; baseline -0.002 -13"><span class='ocrx_word' id='word_1_227' title='bbox 318 4442 323 4454; x_wconf 79' lang='lat'><em>¹</em></span> <span class='ocrx_word' id='word_1_228' title='bbox 347 4450 351 4457; x_wconf 95' lang='lat'><em>·</em></span> <span class='ocrx_word' id='word_1_229' title='bbox 436 4413 518 4477; x_wconf 75' lang='lat' dir='ltr'><strong>Male</strong></span> <span class='ocrx_word' id='word_1_230' title='bbox 537 4411 641 4473; x_wconf 56' lang='lat' dir='ltr'><strong>Torta</strong></span> <span class='ocrx_word' id='word_1_231' title='bbox 655 4419 699 4469; x_wconf 84' lang='lat' dir='ltr'><strong>Ita</strong></span> <span class='ocrx_word' id='word_1_232' title='bbox 714 4415 852 4486; x_wconf 66' lang='lat' dir='ltr'><strong>legendam</strong></span> <span class='ocrx_word' id='word_1_233' title='bbox 868 4426 927 4478; x_wconf 52' lang='lat' dir='ltr'><strong>est,</strong></span> <span class='ocrx_word' id='word_1_234' title='bbox 944 4433 994 4464; x_wconf 80' lang='lat' dir='ltr'><strong>raon</strong></span> <span class='ocrx_word' id='word_1_235' title='bbox 1009 4414 1158 4466; x_wconf 76' lang='lat' dir='ltr'><strong>sollemniis.</strong></span> <span class='ocrx_word' id='word_1_236' title='bbox 1189 4415 1260 4466; x_wconf 82' lang='lat' dir='ltr'><strong>Nam</strong></span> <span class='ocrx_word' id='word_1_237' title='bbox 1276 4419 1305 4466; x_wconf 76' lang='lat' dir='ltr'><strong>iu</strong></span> <span class='ocrx_word' id='word_1_238' title='bbox 1320 4437 1423 4470; x_wconf 75' lang='lat' dir='ltr'><strong>mero</strong></span> <span class='ocrx_word' id='word_1_239' title='bbox 1440 4423 1499 4472; x_wconf 78' lang='lat' dir='ltr'><strong>rin·</strong></span> 
     </span>
     <span class='ocr_line' id='line_1_37' title="bbox 347 4497 1513 4578; baseline 0.001 -20"><span class='ocrx_word' id='word_1_240' title='bbox 347 4510 353 4517; x_wconf 83' lang='grc'><em>“</em></span> <span class='ocrx_word' id='word_1_241' title='bbox 435 4506 528 4578; x_wconf 73' lang='lat' dir='ltr'><strong>gislari</strong></span> <span class='ocrx_word' id='word_1_242' title='bbox 551 4505 646 4557; x_wconf 74' lang='lat' dir='ltr'><strong>dirim</strong></span> <span class='ocrx_word' id='word_1_243' title='bbox 667 4502 802 4562; x_wconf 79' lang='lat' dir='ltr'><strong>sollemne,</strong></span> <span class='ocrx_word' id='word_1_244' title='bbox 824 4500 884 4553; x_wconf 77' lang='lat' dir='ltr'><strong>lieet</strong></span> <span class='ocrx_word' id='word_1_245' title='bbox 908 4500 995 4569; x_wconf 75' lang='lat' dir='ltr'><strong>magis</strong></span> <span class='ocrx_word' id='word_1_246' title='bbox 1019 4501 1047 4549; x_wconf 80' lang='lat' dir='ltr'><strong>in</strong></span> <span class='ocrx_word' id='word_1_247' title='bbox 1065 4517 1113 4548; x_wconf 77' lang='lat' dir='ltr'><strong>usu</strong></span> <span class='ocrx_word' id='word_1_248' title='bbox 1128 4501 1161 4549; x_wconf 82' lang='lat' dir='ltr'><strong>ait</strong></span> <span class='ocrx_word' id='word_1_249' title='bbox 1184 4520 1289 4551; x_wconf 74' lang='lat' dir='ltr'><strong>numm</strong></span> <span class='ocrx_word' id='word_1_250' title='bbox 1301 4503 1410 4571; x_wconf 67' lang='lat' dir='ltr'><strong>plmali.</strong></span> <span class='ocrx_word' id='word_1_251' title='bbox 1447 4497 1513 4567; x_wconf 82' lang='grc' dir='ltr'><strong>10.Ι</strong></span> 
     </span>
    </p>

    <p class='ocr_par' dir='ltr' id='par_1_19' title="bbox 384 4573 1499 4670">
     <span class='ocr_line' id='line_1_38' title="bbox 384 4573 1499 4670; baseline 0.003 -32"><span class='ocrx_word' id='word_1_252' title='bbox 384 4650 388 4659; x_wconf 28' lang='lat'><strong>¹</strong></span> <span class='ocrx_word' id='word_1_253' title='bbox 438 4581 516 4646; x_wconf 81' lang='lat' dir='ltr'><strong>Nam</strong></span> <span class='ocrx_word' id='word_1_254' title='bbox 541 4586 657 4652; x_wconf 72' lang='lat' dir='ltr'><strong>sauotm</strong></span> <span class='ocrx_word' id='word_1_255' title='bbox 684 4577 749 4642; x_wconf 86' lang='lat' dir='ltr'><strong>sola</strong></span> <span class='ocrx_word' id='word_1_256' title='bbox 773 4573 830 4638; x_wconf 74' lang='lat' dir='ltr'><strong>noi</strong></span> <span class='ocrx_word' id='word_1_257' title='bbox 856 4573 954 4656; x_wconf 76' lang='lat' dir='ltr'><strong>gratia</strong></span> <span class='ocrx_word' id='word_1_258' title='bbox 980 4584 1009 4635; x_wconf 86' lang='lat' dir='ltr'><strong>et</strong></span> <span class='ocrx_word' id='word_1_259' title='bbox 1033 4574 1239 4652; x_wconf 75' lang='lat' dir='ltr'><strong>&#39;praeuenienta</strong></span> <span class='ocrx_word' id='word_1_260' title='bbox 1271 4584 1301 4637; x_wconf 89' lang='lat' dir='ltr'><strong>ot</strong></span> <span class='ocrx_word' id='word_1_261' title='bbox 1325 4589 1499 4670; x_wconf 73' lang='lat' dir='ltr'><strong>ooopornto</strong></span> 
     </span>
    </p>
   </div>
   <div class='ocr_carea' id='block_1_12' title="bbox 0 0 1880 5400">
    <p class='ocr_par' dir='ltr' id='par_1_20' title="bbox 0 0 1880 5400">
     <span class='ocr_line' id='line_1_39' title="bbox 0 0 1880 5400; baseline 0 0"><span class='ocrx_word' id='word_1_262' title='bbox 0 0 1880 5400; x_wconf 95' lang='lat' dir='ltr'><strong> </strong></span> 
     </span>
    </p>
   </div>
  </div>
 </body>
</html>
