3750 5400
614 689 623 722 ⁸
846 669 941 760 169

302 851 306 866 “
352 863 600 933 basmonum
620 864 664 927 ru
683 864 789 944 orere,
818 872 851 925 or
870 858 1135 925 acutissimas
1149 859 1218 923 roe
1239 861 1349 943 onemo
1370 862 1418 927 ut·

357 956 426 1015 enm
453 951 552 1016 uerbis
579 948 805 1030 proedionuerit:
846 948 905 1026 7,0
932 946 1002 1007 Zier
1029 946 1081 1005 der
1107 947 1265 1009 deutschen
1291 948 1418 1025 Feruor,

337 1037 444 1110 *Prsia
465 1035 511 1097 dir
538 1035 725 1097 Elisabetiu“=
759 1031 834 1109 Quid
862 1027 953 1111 i'gitor
980 1029 1103 1105 mirum,
1147 1035 1222 1111 qnod
1249 1053 1302 1112 per
1328 1044 1419 1095 totam

359 1119 547 1185 Germaniam
560 1121 658 1180 dinem
677 1114 762 1181 sorrm
786 1119 889 1178 festum
911 1124 996 1176 nnrta
1017 1124 1060 1174 est
1081 1114 1166 1190 (xlx
1190 1119 1308 1188 Novbr.)
1332 1119 1418 1198 idque
1503 1144 1506 1154 ·

359 1208 404 1268 ita
422 1206 511 1267 ntia
538 1206 685 1268 nonnullis
713 1200 825 1285 patriae
852 1211 981 1262 nestrae.
997 1200 1165 1278 regionibus
1190 1201 1299 1263 .festnm
1330 1202 1418 1262 luerit

359 1294 398 1352 de
428 1300 580 1368 praerepto
613 1290 696 1369 eique
724 1288 833 1349 Oetaea
861 1287 1015 1364 adsignata
1041 1288 1089 1349 sit.
1153 1287 1270 1347 Accedit
1298 1289 1419 1349 Festum

361 1374 576 1438 Translatiouis
605 1374 665 1446 die,
698 1374 732 1434 ll.
762 1372 836 1432 Maii
864 1370 1049 1432 celebratum.
1115 1370 1189 1447 Quid
1218 1371 1421 1452 deniqne-mi·

360 1479 431 1520 rum
453 1462 526 1539 quod
551 1458 651 1519 multis
671 1457 795 1539 Hymuis
815 1474 850 1516 ue
869 1454 1033 1534 sequentiis
1052 1468 1168 1517 saurus
1186 1457 1336 1518 Elisabeth
1357 1458 1421 1518 lan·

294 1554 325 1587 κ’
361 1547 415 1605 des
428 1553 494 1604 sunt
508 1548 715 1624 pervulgatae?
738 1540 910 1602 Etiamnunc
926 1537 1112 1615 (retinendum
1128 1543 1205 1603 euim
1218 1559 1275 1602 non
1290 1550 1346 1618 est)
1367 1562 1422 1602 no·

362 1629 482 1689 tarsilla
504 1626 592 1705 atnbe'
608 1630 680 1688 adeo
699 1626 885 1687 admirandus
906 1624 1074 1685 morrialiom
1097 1630 1182 1705 ordo,
1209 1628 1257 1705 qui
1279 1631 1334 1688 snb
1356 1626 1421 1688 Eli·

361 1714 501 1774 sabetbao
520 1712 677 1789 patrocinio
700 1711 813 1785 militat,
837 1729 924 1788 qrrum
946 1707 974 1767 iu
997 1711 1133 1771 sanandis
1154 1711 1281 1790 'aegrotis
1303 1725 1330 1774 et
1350 1714 1421 1776 sub-

363 1797 496 1859 levandis
518 1806 593 1858 totns
615 1805 763 1870 versetur,
786 1794 867 1855 illins
888 1804 1005 1854 sarretae
1026 1794 1155 1857 mulieris
1176 1797 1301 1875 uestigia
1322 1798 1350 1859 in
1371 1814 1421 1859 stt·

363 1882 454 1966 intem
475 1880 591 1961 generis
611 1880 730 1944 humani
753 1899 810 1939 non
829 1880 892 1939 sine
914 1898 1028 1939 summa
1043 1880 1126 1940 laude
1139 1881 1277 1960 seqnitur.
1323 1885 1421 1959 Quum

362 1978 459 2027 autem
483 1966 607 2027 nuanimi
632 1965 758 2025 omnium
777 1984 919 2023 consensu
943 1964 1077 2041 qrridquid
1097 1964 1311 2028 Samaritauam
1335 1968 1422 2027 mise-

318 2043 321 2052 ’
361 2050 518 2111 rieordiam
542 2051 649 2111 redolet
671 2047 800 2111 maxima
820 2049 1010 2109 admiratione
1023 2059 1108 2126 atque
1122 2049 1205 2109 lande
1221 2051 1339 2130 «ligurum
1354 2052 1422 2111 ein-

363 2137 600 2212 sententiatum
624 2146 667 2195 est
689 2144 719 2194 ut
734 2133 821 2195 etiam
846 2133 874 2193 in
891 2130 1016 2194 eeclesia
1037 2133 1205 2211 evangeliea
1232 2135 1263 2197 S.
1288 2137 1422 2197 Elisabe-

362 2218 430 2279 tlrae
449 2240 554 2280 nomen
574 2240 630 2280 nen
654 2220 748 2279 solnm
769 2238 826 2277 uon
847 2218 986 2293 sorderet,
1007 2237 1106 2279 veretra
1129 2220 1213 2280 etiam
1230 2240 1342 2281 summa
1356 2219 1423 2299 glo-

355 2303 410 2365 ¹ria
428 2306 583 2365 frueretur.
648 2303 706 2364 lum
728 2303 890 2379 Ludimus,
933 2301 1118 2381 quiquidem
1146 2304 1232 2365 inea
1259 2304 1322 2382 ipsa
1351 2305 1432 2366 urbe¹

363 2408 438 2466 qnae
460 2388 645 2451 Elisabetlrae
665 2386 833 2448 memorien
855 2388 932 2447 ornni
960 2398 1087 2465 tempore
1113 2401 1211 2448 saneta
1232 2390 1344 2449 colebat
1365 2389 1423 2449 ali-

363 2472 500 2551 quamdiu
524 2473 594 2533 vixit
614 2475 644 2533 in
666 2472 758 2533 saeris
781 2473 966 2532 suasionibus
988 2491 1051 2532 eam
1079 2483 1284 2534 commemorat
1303 2474 1423 2553 eiusque

363 2558 532 2637 exemplum
553 2560 589 2620 ad
611 2557 779 2618 imitandum
803 2559 935 2636 proponit
957 2554 1002 2634 ll),
1022 2566 1050 2616 et
1080 2568 1144 2634 post
1165 2577 1230 2618 enm
1252 2579 1309 2619 non
1338 2557 1421 2637 peuri

364 2642 507 2705 eoeirsiae
529 2642 714 2723 evangelicae
737 2640 791 2702 viri
812 2642 886 2701 dooti
908 2654 993 2719 atque
1016 2653 1116 2718 poetae
1138 2641 1166 2701 iu
1181 2643 1238 2704 rita
1253 2642 1316 2705 eius
1339 2661 1424 2703 errar-

364 2728 458 2790 raudn
486 2728 590 2789 versati
620 2736 686 2787 sunt
713 2736 740 2786 et
769 2736 836 2805 quot
864 2726 934 2786 illud
969 2727 1118 2806 negotium
1145 2737 1348 2809 susceperunt,
1382 2739 1423 2787 tot

364 2813 791 2889 Elisabethsaunommpm
820 2830 857 2872 ex
892 2831 991 2871 eorunm
1030 2813 1161 2873 manibus
1191 2812 1271 2892 qnasi
1300 2831 1422 2875 coronas

364 2897 487 2976 aorepit.
509 2929 548 2940 —
589 2895 685 2956 Huius
706 2895 813 2955 Prosae
834 2903 919 2974 tquae
943 2896 970 2955 iu
994 2894 1027 2957 C.
1049 2896 1091 2957 Μ.
1115 2898 1162 2961 10.
1184 2897 1320 2976 orruerit)
1341 2898 1425 2958 Stro—
1460 2962 1465 2977 ,Ι

353 2986 442 3065 ,pirae
465 2981 575 3059 priores
604 2981 722 3040 multum
752 2981 858 3042 baluent
879 2981 1072 3044 obseuritetis.
1115 2983 1238 3043 Sensum
1266 2983 1315 3042 tibi
1338 3001 1424 3044 eruas

364 3070 456 3131 hone:
478 3067 572 3144 garrde
594 3065 729 3124 oreotesto!
750 3065 887 3144 splendor
908 3076 975 3126 tuus
997 3066 1015 3131 i.
1038 3085 1063 3129 e.
1086 3065 1220 3127 Christos
1234 3087 1317 3145 qrrem
1333 3086 1424 3147 paene

363 3151 688 3227 amiseras'temporum
712 3149 837 3227 peruirie
859 3160 943 3230 atque
965 3149 1091 3224 miseria,
1112 3171 1196 3224 orror,
1218 3155 1425 3223 coimmundos

364 3237 425 3298 iam
458 3235 492 3293 ad
523 3233 608 3294 finem
637 3242 754 3311 vergat,
795 3234 844 3293 tibi
874 3232 1004 3296 rrronit.
1053 3236 1202 3312 Reetrrrit,
1233 3237 1365 3296 habimus
1394 3235 1425 3294 in

367 3325 396 3384 b.
420 3318 586 3393 Elisabeth,
610 3337 694 3394 otram
717 3317 806 3395 Deire,
828 3319 930 3378 sedens
952 3317 982 3376 in
1004 3319 1076 3378 solio
1099 3320 1256 3380 maiestatis
1277 3340 1363 3396 snae,
1388 3321 1425 3377 ab

363 3417 484 3468 aeterno
507 3402 645 3481 praevidit
666 3415 751 3480 atque
780 3401 1001 3480 praeordinavit.
1045 3404 1119 3465 Nam
1150 3405 1174 3464 si
1203 3424 1295 3484 genus
1323 3406 1426 3465 burma-

363 3488 435 3552 num
455 3499 521 3569 apte
543 3497 726 3567 eomparatur
745 3487 841 3546 arbori
864 3487 948 3548 euius
975 3488 1086 3571 fruetus
1111 3508 1134 3554 s.
1155 3508 1258 3568 potua,
1287 3489 1348 3549 Deo
1375 3507 1426 3550 au-

365 3570 466 3651 repta,
495 3571 665 3643 Sanctorum
692 3581 760 3630 aaut
788 3570 920 3631 uomina:
964 3570 1150 3649 Omnipotens
1179 3573 1248 3632 vidit
1284 3582 1311 3633 et
1339 3591 1425 3654 poma

364 3660 444 3722 eirea
458 3656 616 3739 primordia
637 3654 736 3715 muudi
749 3655 863 3734 prelata
883 3667 910 3715 et
931 3674 1005 3734 quae
1025 3677 1101 3717 rorone
1114 3659 1246 3718 arborem
1267 3671 1363 3729 esseut
1377 3681 1426 3720 ore

366 3732 480 3806 natura.
524 3738 605 3801 Haeo
633 3758 719 3815 poma
749 3740 812 3838 ipse
839 3740 952 3819 gratiae
990 3741 1052 3802 sole
1087 3752 1211 3825 maturat
1243 3736 1339 3824 itaque
1372 3763 1426 3807 uos

367 3830 398 3889 in
421 3825 555 3888 miseriae
583 3823 660 3884 valle
682 3834 851 3891 constitutos
874 3825 970 3890 visitat
985 3838 1077 3905 atque
1091 3827 1220 3892 bonorat.
1258 3822 1426 3891 „interiisse

366 3929 454 3994 poma
474 3909 590 3971 excellit
611 3908 647 3970 E.
669 3908 699 3969 in
720 3928 801 3971 ramo
823 3908 932 3988 regali,
969 3911 1047 3971 alius
1067 3913 1179 3973 arboris
1199 3915 1283 3974 nata:
1325 3913 1428 3974 allexit

434 4075 464 4140 ¹⁸)
486 4076 526 4130 Cf.
545 4078 593 4128 W·
611 4078 906 4147 T0n1.Xtt,p.505.:
932 4079 968 4130 lst
986 4079 1033 4132 das
1053 4101 1108 4132 nun
1123 4084 1196 4133 nicht
1216 4085 1258 4134 eiu
1277 4083 1333 4133 sein
1350 4083 1424 4134 edles

366 4149 471 4211 Gebm,
490 4147 537 4197 (los
554 4164 583 4196 so
603 4147 742 4212 ungleicbe
761 4147 908 4197 Meuschen
922 4167 952 4198 so
968 4149 1021 4199 lein
1037 4151 1123 4218 gleieh
1138 4151 1261 4201 maritet?
1283 4152 1338 4200 lst’s
1353 4152 1427 4202 nicht

367 4220 413 4269 ein
430 4215 630 4267 wonder-tichos
652 4216 750 4277 Trost,
781 4215 840 4265 dass
866 4218 908 4267 ein
932 4217 1033 4269 Bettler
1054 4220 1146 4270 solclre
1168 4219 1300 4269 herrlicbe
1324 4220 1427 4270 Iliener

366 4285 423 4336 und
442 4284 597 4334 Llebbuber
614 4283 675 4344 hat,
696 4283 756 4333 dass
777 4287 866 4333 seiner
885 4287 998 4334 Armntb
1019 4304 1089 4337 musa
1110 4290 1151 4336 ein
1170 4305 1199 4336 so
1218 4288 1322 4336 reicber
1339 4289 1426 4355 Konig

367 4374 400 4405 zu
420 4354 533 4404 Dienste
550 4350 649 4401 stelin?
675 4353 774 4401 selueru
793 4352 878 4401 Stenk
896 4352 958 4401 und'
973 4353 1103 4403 Wunder
1132 4373 1200 4404 musa
1221 4355 1312 4405 soleba
1328 4357 1426 4407 achtine

366 4425 458 4474 Krene
474 4420 529 4470 uud
548 4424 635 4469 siisser
653 4419 758 4468 Gerueh
776 4420 944 4486 kdniglielrer
962 4421 1057 4470 Praebt
1079 4424 1220 4472 untertlren
1246 4424 1323 4476 sein?
1362 4426 1425 4476 Vl'ie

366 4488 629 4542 wuuderlichsollte
648 4505 674 4536 es
694 4487 801 4550 stehsn‚
833 4507 914 4538 wenu
933 4489 1084 4539 wirsehen
1104 4491 1217 4554 solitas,
1250 4494 1426 4559 ueieKiinigs

366 4561 422 4610 und
440 4561 569 4619 Fiiratsn,
590 4557 760 4621 lldnigiuoeu
779 4556 833 4605 unrl
853 4558 1013 4607 Ftirstinnen
1036 4556 1088 4608 den
1115 4577 1204 4609 armen
1227 4561 1345 4614 Bettlern
1371 4562 1426 4614 und
1525 4570 1530 4587 ⁸

365 4627 544 4694 Amsb'tzigen
562 4622 766 4689 dierstenses
785 4626 837 4687 wir
854 4640 909 4676 ron
927 4624 956 4678 S.
975 4624 1111 4679 Elisabeth
1128 4626 1225 4682 lesen?
1243 4652 1276 4665 ·-
