3750 5400
887 707 979 782 186

426 869 429 878 ’
465 885 495 948 3.
537 886 594 948 Per
614 904 698 965 qoem
719 895 833 954 saerata
851 887 934 948 floret
963 886 1116 966 virginitas
1132 888 1174 948 iu
1194 888 1328 951 Maria.
1439 892 1441 897 '

466 989 504 1054 4.=
539 985 666 1067 Spiritus
686 987 778 1066 alme,
800 1009 856 1066 quo
878 988 1005 1069 repletur
1026 989 1168 1050 Maria:

466 1091 496 1152 b.
539 1089 587 1149 Tu
609 1108 705 1149 rorem
727 1106 841 1151 sacrum
861 1089 979 1153 stillasti
1002 1090 1032 1151 iu
1054 1090 1183 1155 Maria.

464 1191 495 1253 6.
539 1191 661 1280 Amator
679 1200 776 1251 sancte
795 1211 851 1270 quo
868 1192 977 1254 intacta
996 1196 1214 1273 impraegnatur
1235 1194 1376 1264 Maria3

465 1293 497 1354 7.
539 1289 602 1351 Sub
624 1290 706 1352 cuins
725 1292 828 1353 umbra
849 1312 906 1353 uon
928 1303 1052 1355 torretur
1072 1294 1139 1353 doru
1162 1295 1274 1357 foretur
1295 1295 1440 1359 Maria.-

449 1391 491 1478 [8.
532 1392 581 1454 'l'u
597 1391 787 1473 praeserrasti
802 1412 838 1454 ne
852 1393 947 1473 prima
960 1393 1046 1474 eulpa
1059 1397 1205 1467 transfusa
1224 1397 1261 1459 sit
1275 1395 1304 1457 iu
1322 1396 1453 1458 Maria
1475 1440 1484 1475 3

464 1496 495 1559 9.
537 1493 585 1570 Tu
608 1493 711 1556 cellam
732 1494 852 1556 sacrasti
875 1494 918 1585 sic
940 1483 1079 1558 benedicti
1102 1498 1210 1560 reutris
1231 1497 1260 1560 iu
1282 1498 1428 1579 Maria,

444 1597 494 1662 ltt
540 1597 578 1658 Ut
601 1605 721 1662 tumeret
743 1605 771 1656 et
793 1605 884 1658 mater
905 1595 986 1657 lieret
1006 1597 1145 1676 Maria,

444 1699 495 1762 11.
523 1692 589 1758 'Sto
612 1707 725 1777 pareret
745 1716 797 1758 nec
818 1697 917 1758 florem
940 1698 1071 1777 perderet
1095 1700 1226 1764 Maria.

444 1799 494 1863 12.
537 1797 697 1877 Prophetas
736 1807 765 1859 tn
794 1797 942 1878 inspirasti
978 1808 1010 1860 ut
1044 1801 1242 1882 praecinerent
1271 1804 1345 1882 qnod
1381 1805 1472 1864 deum

297 1945 302 1956 ,
401 1884 562 1963 conciperet
583 1883 715 1945 Maria.

446 1984 495 2051 13.
537 1984 693 2063 Apostolos
722 1983 887 2049 cerifertasti
919 1996 950 2048 ut
977 1997 1141 2049 astruerent
1168 1990 1245 2049 bunc
1273 1988 1359 2049 deum
1380 2008 1464 2067 quern

340 2081 350 2094 ‘
401 2070 487 2130 edidit
509 2069 638 2135 Maria.
684 2097 687 2108 ·

444 2170 494 2232 14.
537 2170 658 2245 Quando
680 2171 843 2234 machinam
874 2173 945 2234 deus
966 2173 1142 2235 mundanam
1163 2173 1231 2234 fecit
1253 2183 1297 2234 est
1318 2174 1463 2255 praefigu-

402 2264 465 2316 rata
487 2254 620 2317 Maria.

318 2382 323 2391 ·
444 2359 494 2420 15.
536 2355 641 2417 'lellus
668 2354 831 2434 hominem,
866 2356 947 2439 virgo
974 2357 1119 2439 virginem
1146 2358 1219 2420 ludit
1246 2358 1392 2438 primum,
1423 2360 1463 2421 sic

402 2444 558 2503 secundum
581 2439 715 2502 Maria.
870 2437 878 2446 '
1402 2481 1404 2486 -

443 2545 493 2606 16.
535 2541 583 2603 Tu
603 2542 766 2604 animarum
787 2561 855 2623 spes
875 2543 1048 2605 afflictarum
1070 2546 1163 2607 dulcis
1183 2544 1345 2621 Maria,·

443 2648 492 2713 17.
534 2644 581 2706 't'u
604 2642 784 2710 servulorum
804 2653 919 2705 tuorum
938 2663 1034 2707 nexus
1054 2646 1135 2707 solra
1155 2644 1294 2718 Μανίας

400 2751 494 2895 Μ18..
536 2746 584 2809 'Pu
619 2746 753 2808 collisum
785 2747 912 2826 peccatis
952 2749 1091 2810 muudum
1127 2750 1163 2811 ad
1195 2749 1284 2811 ritem
1319 2750 1461 2827 reparasti

440 2851 529 2896 arra.
1258 2869 1260 2871 ·

444 2937 494 2997 to.
539 2933 677 2994 idolatras
699 2940 726 2991 et
745 2930 827 3012 leges
846 2941 923 2994 otras
948 2933 1090 2994 enarrasti
1113 2934 1246 2998 Maria.

401 3036 497 3184 M203
535 3034 615 3114 Ergo
642 3033 841 3114 nos'petimus
862 3033 1009 3114 supplices
1039 3044 1069 3096 nt
1097 3055 1151 3116 ope
1180 3037 1305 3116 benigna
1326 3037 1461 3098 subleves

489 3139 524 3180 ια

440 3140 492 3287 22.
531 3167 572 3284 ’Er
592 3231 660 3283 nato
680 3239 733 3301 pro
754 3220 838 3283 nobis
860 3218 1006 3300 supplices
1032 3221 1081 3302 qui
1107 3220 1158 3280 tibi
1181 3219 1351 3300 psallimus:
1385 3224 1459 3284 Are

400 3311 583 3474 Μ22281Τιι
603 3407 736 3469 felicibus
759 3405 872 3468 felicior
892 3405 1031 3485 Maria,

439 3511 493 3574 23.
534 3509 582 3570 Tu
601 3507 773 3570 sublimibus
792 3508 963 3588 angelorum
984 3507 1112 3570 coetibus
1133 3527 1165 3570 es
1179 3509 1309 3589 praelata
1326 3510 1460 3574 Maria.

438 3612 492 3674 24.
533 3610 634 3686 ipsum
652 3608 800 3671 hominem
820 3608 938 3670 induisti
960 3607 1100 3685 Maria,

438 3715 493 3775 25.
534 3708 591 3786 Qut
604 3709 667 3770 siue
681 3710 807 3787 semine,
830 3711 943 3790 rigante
955 3710 1069 3771 nemine
1090 3722 1117 3772 te
1130 3713 1310 3775 foecundavit
1321 3713 1458 3777 Maria.

439 3812 491 3877 26.
533 3810 618 3874 Hauc
638 3811 723 3872 deum
744 3810 827 3872 nobis
850 3813 934 3892 placa
956 3812 1092 3874 Maria.

858 3966 1005 3978 ----——

482 4066 565 4128 Unus
593 4062 795 4126 Clichteracns
828 4067 883 4129 bec
912 4085 1027 4134 carmen
1047 4068 1165 4146 praebet
1186 4067 1355 4148 lectoribus,
1384 4074 1457 4150 quod

399 4174 437 4216 au
458 4151 575 4232 proprie
603 4150 639 4209 ad
666 4138 776 4209 iestum‘
801 4150 980 4213 visitationis
1007 4160 1115 4232 spectet
1142 4153 1324 4215 veliementer
1350 4156 1457 4220 dubito.

399 4238 564 4301 Contrane
586 4252 702 4295 caecum
716 4235 828 4310 quidem
849 4236 925 4316 legit
947 4232 1060 4317 poetam
1073 4256 1105 4297 se
1127 4236 1259 4316 proxime
1281 4239 1456 4318 applicuisse

314 4320 317 4329 '
399 4325 435 4384 ad
449 4320 588 4383 eximiam
602 4318 740 4380 Prosam:
760 4319 890 4381 Sancti
912 4321 1088 4401 Spiritus
1109 4320 1208 4382 adsit
1236 4325 1345 4385 nobis
1366 4343 1457 4405 gra·

399 4407 454 4467 tia
476 4415 529 4466 etc.
553 4402 669 4484 (xta).
710 4403 794 4466 Hanc
819 4425 857 4467 ex
885 4405 1088 4467 cousuetudine
1116 4407 1254 4486 temporis
1275 4409 1340 4489 sui,
1369 4428 1457 4491 quam

311 4506 316 4517 “
379 4490 482 4559 ‘multi
502 4490 665 4568 vituperant
685 4490 721 4552 ad
742 4489 868 4555 Mariam
890 4510 943 4570 per
964 4499 1053 4554 totum
1074 4489 1228 4558 revocarit.

781 4624 1082 4641 m*
