3750 5400
828 897 949 965 nxlv.

505 1046 540 1113 8.
562 1042 724 1122 casimiro·
743 1043 896 1128 Hymnus
913 1039 969 1104 Dc
987 1040 1101 1108 Beata
1122 1039 1277 1120 Virgine.

438 1163 526 1229 Omni
545 1163 593 1225 dle
614 1162 660 1225 dio
680 1161 796 1226 Mariae
817 1178 883 1222 mea
910 1159 1012 1221 landes
1040 1158 1154 1224 aalma:
1230 1167 1232 1172 '
1316 1155 1319 1162 '

399 1248 587 1326 illusisset,
608 1246 672 1309 eins
694 1256 779 1329 gesta
800 1245 864 1307 cole
885 1243 1130 1324 splendidissima.

442 1332 648 1413 Contemplare
669 1343 698 1393 et
718 1331 826 1395 micare
846 1330 909 1391 eins
930 1328 1149 1390 celsitudinem:
1235 1345 1237 1352 ’

401 1418 457 1483 Dic
476 1418 592 1480 felicem
612 1415 802 1497 genitricem,
820 1413 867 1474 die
889 1415 1001 1474 beatem
1022 1413 1185 1493 virginem,

443 1504 542 1583 Ipsam
562 1501 646 1577 cole,
666 1512 697 1561 nt
716 1502 751 1560 de
773 1499 849 1561 mole
872 1497 1022 1580 crirninrrqn
1044 1507 1072 1559 te
1093 1499 1212 1559 liberet:
1327 1512 1331 1517 ·

403 1588 487 1652 Hono
508 1585 645 1667 appella,
665 1604 702 1645 ne
724 1584 854 1663 procella
874 1582 1012 1648 vitiorem
1033 1592 1161 1661 superet.
1378 1573 1386 1589 ‘

444 1672 526 1735 Haec
547 1686 672 1749 persona
692 1669 776 1731 nobis
799 1670 874 1728 dona
895 1668 1014 1727 contulit
1035 1667 1191 1728 caelestia:

406 1757 488 1821 llaec
508 1753 626 1836 Regina
647 1773 701 1816 nos
722 1752 820 1814 divina
841 1752 999 1813 illustrarit
1019 1753 1126 1831 gratia.

448 1840 565 1919 Lingua
587 1856 670 1916 mea,
692 1839 739 1899 die
759 1838 899 1917 trophaea
918 1835 1044 1916 virginis
1067 1856 1242 1917 puerperae:
1260 1857 1263 1864 ·

406 1926 490 2004 Quae
513 1923 649 1984 indictum
673 1922 858 1984 maledictum
880 1920 955 1984 miro
977 1921 1114 1982 transfert
1135 1940 1253 2001 genere.

449 2009 521 2071 Sine
545 2007 601 2069 line
622 2008 668 2068 dia
690 2006 824 2086 Reginae
845 2006 944 2068 mnndi
967 2007 1094 2071 landem¹
1107 2006 1236 2066 cantica:

408 2092 505 2155 Herios
526 2095 601 2154 bona
622 2111 737 2172 semper
758 2110 848 2168 sona,
869 2107 986 2169 semper
1006 2089 1088 2151 illam
1111 2090 1261 2169 praedica.-

380 2229 393 2240 ,
452 2178 560 2239 Omnes
581 2174 637 2236 rnei
660 2195 765 2236 sensns
787 2176 812 2236 ei
836 2185 988 2253 personate
1009 2171 1145 2253 gloriam.

409 2261 600 2339 Frequentate
622 2268 680 2320 tarn
703 2259 803 2319 beatae
825 2259 958 2337 Virginis
978 2257 1158 2322 memoriam.

453 2342 560 2405 Nullus
582 2351 658 2402 certe
680 2350 739 2403 tom
760 2342 885 2403 disertae
905 2351 985 2405 extat
1006 2341 1201 2424 eloquentiae,

410 2426 470 2507 Qui
492 2427 651 2506 condignos
673 2435 787 2507 promat
808 2428 932 2510 hymnos
954 2425 1017 2487 eius
1038 2428 1238 2490 excellentiae.

453 2512 561 2573 Omnes
582 2511 713 2589 landent,
735 2512 810 2580 nnde
831 2514 974 2591 gandent,
1002 2512 1128 2573 Matrem
1150 2510 1204 2571 Dei
1227 2508 1388 2591 Virginem:

405 2596 520 2675 *Nuttrr
542 2594 652 2674 lingat,
673 2597 747 2676 qnod
768 2596 892 2674 attingat
909 2595 1203 2676 einsucelsitndinem.

455 2681 548 2743 Nemo
570 2680 661 2757 dicct,
683 2690 820 2760 quantum
841 2681 921 2758 licet,
943 2681 1066 2742 laudans
1086 2683 1150 2744 eins
1171 2677 1289 2742 merita:

411 2765 485 2827 Eius
505 2775 607 2826 concta
628 2776 695 2826 snut
717 2776 813 2827 creata
832 2765 932 2826 ditioni
955 2765 1079 2828 solidita.

453 2849 512 2910 Sed
535 2866 671 2925 necesse,
694 2852 767 2928 qnod
791 2853 928 2928 prodesse
949 2850 1012 2930 piis¹
1026 2859 1138 2911 constat
1158 2847 1319 2931 mentibus,

412 2933 451 2994 Ut
471 2932 631 3006 intendam,
653 2935 727 3011 qnod
749 2933 912 3011 impendam
934 2953 980 2994 me
1002 2928 1094 3013 ipsius
1117 2916 1262 2995 laudilr'ns.

454 3016 596 3093 Quamvis
618 3016 725 3092 seiam,
746 3018 820 3095 qnod
844 3017 968 3079 Mariam
992 3038 1076 3079 nemo
1097 3018 1185 3097 digne
1206 3019 1367 3098 praedicet3

413 3102 528 3164 Tamen
550 3119 642 3161 vanos
661 3110 689 3160 et
709 3099 828 3162 insanus
851 3111 909 3176 est,
932 3104 981 3190 qui
1004 3122 1068 3163 eam
1090 3105 1200 3165 reticet.

457 3183 550 3248 Cnirrs
572 3185 647 3261 vita,
665 3186 776 3245 eredita
796 3186 951 3265 disciplina
972 3189 1097 3263 coelica,

414 3271 595 3350 Argumenta
617 3278 645 3328 et
666 3267 805 3345 figmenta
826 3270 968 3331 destruxit
990 3271 1146 3332 haeretica.

456 3352 553 3416 linias
575 3372 672 3414 mores
694 3364 828 3431 tanquam
848 3353 934 3414 flores
957 3366 1099 3422 exornant
1121 3353 1304 3434 Ecclesiam

415 3438 551 3502 Actiones
572 3447 600 3498 et
622 3457 771 3498 sermones
791 3436 894 3497 inirem
915 3451 1063 3515 praestant
1085 3439 1220 3517 gratiam.

457 3521 538 3582 Evae
561 3523 669 3581 crimen
691 3520 774 3582 nobis
796 3521 885 3582 limen
907 3524 1034 3600 paradisi
1057 3523 1218 3582 clauserat:

415 3603 512 3679 Haec,
533 3605 601 3664 dnm
624 3606 714 3665 eredit
735 3614 763 3664 et
785 3606 896 3684 obedit,
918 3607 989 3666 coeli
1013 3608 1141 3666 claustra
1162 3615 1284 3669 reserat.

457 3687 579 3762 Propter
598 3687 691 3747 Evam
713 3690 800 3750 homo
821 3708 940 3750 saevam
960 3692 1070 3770 acecpit
1089 3690 1278 3752 sententiam:
1353 3732 1361 3741 ·

415 3771 473 3832 Per
493 3769 620 3830 Mariam
641 3773 728 3831 liabet
748 3772 825 3831 viam
850 3794 923 3852 qnae
946 3774 1022 3835 decit
1041 3777 1078 3834 ad
1100 3774 1234 3854 patriam.

458 3853 539 3917 llaec
559 3855 683 3914 amanda
704 3864 733 3913 rt
752 3855 896 3916 laudanda
917 3861 1027 3919 conctis
1047 3858 1230 3937 specialiter:

416 3937 555 4005 venerari
576 3948 603 3998 et
626 3938 736 4017 precari
758 3941 839 4000 dccet
861 3942 943 4002 illam
965 3943 1078 4022 iugiter.

459 4024 544 4086 illam
566 4043 669 4102 poseo,
691 4043 778 4102 qnam
800 4044 944 4103 cognosco
966 4048 1053 4106 posse
1075 4047 1195 4106 prorsus
1217 4026 1325 4093 omnia.

406 4108 456 4170 *Ut
477 4108 582 4170 evellat
603 4116 631 4167 et
652 4108 774 4188 repellat
795 4128 868 4189 qnae
890 4125 956 4170 sunt
978 4113 1062 4172 :robis
1084 4112 1183 4172 noxia.

460 4193 528 4272 Ipsa
550 4193 651 4270 donet,
672 4204 702 4254 nt
724 4195 797 4272 qnod
821 4207 916 4256 monet
938 4206 1022 4257 natus
1042 4195 1121 4272 eins,
1146 4194 1268 4268 faciam:
1364 4268 1366 4273 Ι

416 4276 455 4338 Et
476 4275 557 4337 finita
579 4276 674 4340 earnis
695 4279 769 4355 vita,
792 4278 885 4340 laetus
907 4280 984 4339 lione
1005 4281 1156 4358 aspiciam.

382 4381 384 4385 ·
461 4359 486 4420 0
507 4371 674 4422 cunctorum
696 4362 888 4425 foeminarum
910 4365 997 4423 deeris
1020 4373 1104 4444 alque
1126 4363 1232 4443 gloria.
1297 4373 1299 4379 '

417 4445 513 4522 Quom
535 4444 683 4521 probatam
707 4455 734 4505 et
756 4447 861 4507 elatam
882 4447 991 4507 selinus
1014 4469 1102 4527 snper
1124 4448 1232 4511 omnia.

459 4525 596 4586 Clemens
617 4528 701 4600 audi,
724 4537 790 4587 tuae
812 4530 889 4592 laudi
912 4550 984 4607 qnos
1006 4531 1146 4593 instantes
1168 4532 1322 4613 conspicis.

415 4607 527 4670 Munda
549 4626 616 4671 reos
636 4622 664 4681 et
684 4611 731 4671 lac
753 4630 804 4675 eos
825 4613 908 4677 bonis
926 4613 1033 4695 dignos
1055 4617 1182 4682 coelicis.
1263 4682 1273 4690 ,
