3750 5400
887 643 1225 764 forn.

482 861 596 927 tlloliols
622 859 812 941 scriptoribus
833 860 1006 923 iruulratnm
1033 871 1094 937 est,
1122 860 1152 921 in
1180 859 1269 922 icturi
1290 861 1420 932 ¹ecelesia
1442 861 1549 924 Missis

483 970 535 1029 pro
553 948 694 1010 defunctis
711 944 898 1025 Sequentinm
921 947 1032 1009 unllam
1053 946 1197 1007 insertam
1212 946 1303 1007 inisse
1332 947 1439 1027 quippe
1471 949 1547 1025 quod

484 1034 625 1095 canticum
653 1041 730 1091 essct
752 1029 937 1092 exultationis
957 1041 985 1091 ot
1005 1030 1261 1120 ooaeclelnratiorqis
1281 1030 1355 1106 Ilei,
1385 1032 1548 1092 alterumve

484 1117 619 1181 Alleluia.
661 1117 703 1176 lta
724 1114 805 1175 Boua
827 1113 991 1176 Cardiuolis
1013 1116 1085 1176 laec
1105 1116 1206 1176 hoholt
1225 1113 1459 1192 ,'‚Notat’Petrns
1479 1115 1550 1176 Cir-

485 1202 569 1264 relus
589 1200 619 1261 iu
640 1198 773 1280 [inposit.
797 1198 929 1260 Missalis
953 1200 1002 1260 lib.
1022 1198 1059 1263 ll.
1082 1220 1106 1265 c.
1129 1202 1201 1261 llo.
1229 1199 1388 1279 improprie
1414 1198 1470 1259 diei
1493 1200 1549 1260 Se-

388 1310 396 1329 ·
486 1281 630 1365 quintiani
657 1284 688 1344 in
711 1282 813 1343 Missis
832 1278 1040 1343 Delnnetorum
1069 1277 1215 1364 quia-hoc
1240 1282 1368 1344 ollieinm
1389 1303 1443 1345 nec
1465 1285 1550 1345 Alle-

485 1370 546 1432 luia
566 1390 620 1430 nec
647 1367 829 1447 Sequentinm
851 1369 934 1428 dclret
961 1369 1068 1429 hahere
1090 1388 1164 1448 qnae
1187 1377 1253 1428 sunt
1273 1369 1382 1446 candoe
1403 1370 1549 1445 laetitiac;

488 1488 529 1512 -.
550 1488 591 1499 -
612 1463 697 1532 atquc
719 1452 783 1511 inde
804 1452 952 1513 deducitur
974 1454 1048 1513 lano
1069 1454 1141 1513 nulli
1164 1452 1347 1530 antiquorum
1367 1454 1556 1513 tribuendum

488 1557 551 1600 esse
573 1538 623 1600 scd
642 1536 727 1596 alieni
751 1536 901 1596 recentiori
923 1556 989 1596 cnm
1010 1536 1084 1597 rinus
1105 1535 1290 1598 aeclesiastici
1317 1537 1423 1599 mutari
1445 1557 1550 1617 coepe·

409 1655 413 1672 ‚
467 1615 586 1704 ⁸runt.“
628 1621 744 1683 Accedit
765 1621 837 1698 quod
860 1620 896 1681 F.
923 1618 1049 1686 Wollins
1076 1622 1130 1683 hos
1157 1642 1261 1683 versus
1288 1641 1347 1682 non
1375 1621 1549 1699 Sequentiao

487 1707 610 1786 indolem
631 1723 701 1786 pree
721 1724 754 1765 sc
775 1706 850 1765 lerre
872 1702 998 1765 affirmat
1019 1706 1069 1766 sed
1091 1706 1232 1767 Tractus:
1245 1702 1277 1777 1)
1304 1716 1381 1767 certe
1403 1707 1458 1766 hoc
1478 1725 1549 1765 eun-

483 1803 545 1874 'stet
564 1810 621 1862 uon
645 1787 699 1849 uisi
719 1790 876 1867 posteriore
896 1798 989 1848 astute
1010 1808 1068 1868 qna
1083 1791 1232 1870 proprium
1244 1789 1463 1870 Sequentiarnm
1478 1808 1549 1849 ron-

410 1873 412 1894 *
440 1904 443 1914 =
470 1876 587 1952 ,silium
617 1872 734 1934 iamiam
761 1871 918 1947 obsolevit,
949 1873 1030 1933 huno.
1053 1883 1168 1952 cantum
1198 1873 1382 1954 usurparilct
1403 1874 1550 1953 divulgari

491 1959 627 2041 potuisse.
659 1956 711 2017 Sin
724 1976 793 2017 roro
810 1957 955 2035 quispiam
969 1957 1045 2017 dieat
1058 1977 1174 2018 carmen
1187 1969 1338 2037 antequam
1355 1980 1409 2020 orsu
1429 1958 1550 2020 ecclesi,

490 2044 580 2106 astion
594 2051 811 2102 consecraretur
826 2041 1014 2120 compositum
1030 2062 1109 2112 esse;
1125 2041 1220 2102 videat
1231 2060 1269 2123 an
1282 2042 1440 2105 verisimile
1453 2042 1491 2103 sit
1505 2054 1550 2104 ta·

492 2130 548 2190 lcm
567 2127 733 2188 thesaurum
749 2125 796 2186 elin
809 2126 982 2189 securitatum
1008 2126 1144 2205 latuisse,
1165 2127 1212 2188 rel
1232 2127 1309 2188 aliud
1330 2128 1497 2207 exemplum
1519 2128 1550 2188 in

491 2212 617 2275 modium
643 2211 794 2289 producat,
829 2212 866 2269 ab
892 2209 1015 2270 ecclesia
1041 2212 1267 2272 carmentmulto
1287 2211 1382 2273 serius
1404 2230 1490 2291 qnam
1512 2212 1549 2271 ao

477 2299 606 2359 ‘auctore
627 2296 776 2362 conditum
807 2302 902 2368 essct,
932 2312 996 2353 esso
1024 2305 1179 2373 receptum.
1223 2295 1323 2356 Prima
1342 2316 1412 2357 vero
1439 2296 1548 2358 Prosae

492 2379 598 2448 mentio
620 2378 682 2438 loeo
704 2376 970 2438 litillo¹uotissimo
984 2377 1198 2440 Bartlrolomaoi
1220 2378 1318 2441 Pisani
1342 2382 1372 2461 (†
1389 2380 1495 2458 1401.)
1518 2382 1548 2440 iu

491 2467 579 2527 Libro
607 2462 862 2523 Coniormitntnmr
896 2463 1029 2536 „Locum
1050 2463 1137 2524 halet
1156 2461 1256 2523 Coloni
1278 2466 1313 2523 de
1335 2485 1391 2543 quo
1412 2465 1467 2524 init
1487 2466 1550 2525 fra-

491 2560 535 2611 trr
553 2547 683 2627 Thomas
704 2546 751 2627 qni
772 2547 905 2607 mandato
925 2546 1083 2625 apostolico
1105 2547 1221 2626 scripsit
1242 2567 1373 2609 sermone
1394 2549 1484 2628 polito
1506 2550 1551 2609 le·

490 2635 614 2716 gandam
640 2630 763 2714 primam
792 2630 865 2689 beati
888 2630 1035 2691 Francisci
1066 2641 1094 2692 et
1121 2651 1236 2713 prosam
1265 2634 1300 2692 de
1327 2634 1448 2695 mortuis
1475 2653 1548 2714 quac

490 2728 620 2781 cantatur
646 2719 676 2778 in
697 2716 790 2777 Missa
810 2715 899 2775 Dies
919 2714 999 2776 irae
1019 2713 1098 2778 dies
1119 2716 1192 2777 illa
1213 2727 1266 2780 etc.
1294 2717 1436 2779 dicitur
1464 2718 1550 2780 lecis-

491 2809 554 2867 su.“
594 2803 694 2881 Neque
728 2801 756 2859 id
790 2801 844 2860 hau
879 2798 909 2858 in
945 2817 977 2858 rc
1004 2799 1208 2878 negligendum
1237 2822 1302 2863 esse
1327 2801 1398 2863 milri
1426 2801 1559 2878 videtur,.

492 2889 565 2966 qnod
596 2896 691 2963 tentus
717 2895 783 2943 tuuc
804 2883 834 2943 in
870 2883 992 2943 ecclesia
1024 2883 1119 2944 usitati
1156 2887 1274 2947 eandem
1308 2888 1447 2967 praebent
1474 2887 1549 2947 initii

491 2971 631 3031 rationem
653 2987 738 3047 qnam
765 2966 929 3032 hodiernus.
977 2966 1113 3044 Sequenti
1142 2970 1258 3030 saccello
1286 2983 1354 3030 nota
1384 2971 1437 3032 illa
1464 2972 1555 3031 nolnis'

492 3055 614 3117 occurrit
628 3071 684 3133 qun
696 3053 798 3113 Sintes
812 3069 830 3112 a
844 3050 932 3112 Sieua
947 3050 976 3111 iu
990 3051 1066 3113 Bibl.
1080 3052 1187 3113 Sancta
1197 3055 1231 3113 de
1246 3055 1383 3115 serotinis
1399 3071 1550 3139 praestan-

492 3140 560 3201 tiam
582 3142 739 3200 detractore
761 3145 879 3196 conatos
901 3146 954 3198 est.
995 3135 1100 3212 „Haeo
1120 3139 1300 3216 Augustinus
1320 3141 1356 3199 ad
1378 3141 1460 3217 eujus
1482 3160 1550 3201 seu-

348 3256 354 3267 κ
435 3240 438 3245 ·
492 3225 580 3285 tentia
612 3221 796 3303 perspexisse
829 3220 941 3306 videtur
968 3230 1068 3280 errator
1094 3220 1158 3280 ciras
1192 3222 1379 3284 inconditi
1408 3223 1550 3305 Rhytlnmi

491 3329 576 3387 qncm
594 3307 716 3368 ecclesia
737 3306 767 3365 in
783 3305 876 3367 saeris
889 3305 1084 3365 defunctorum
1105 3307 1250 3385 mysteriis
1271 3309 1550 3368 decantatr³Lilrer

491 3391 658 3472 scriptus
680 3389 915 3471 proferetur,
945 3389 984 3449 ln
1006 3410 1073 3467 qno
1094 3400 1207 3465 totum
1230 3392 1446 3465 continetur
1475 3393 1550 3453 Un-

491 3477 531 3534 de
561 3477 713 3535 mundns
739 3473 959 3534 indicetur.“
1013 3473 1166 3533 Praeterea
1194 3475 1221 3533 id
1256 3477 1329 3555 quod
1358 3477 1388 3536 in
1415 3477 1564 3538 omnibus¹

337 3561 340 3570 ’
427 3620 432 3641 ⁴
490 3557 596 3617 italicis
617 3557 801 3634 Missalilnus‚
824 3565 959 3635 quotquot
980 3555 1122 3634 inspicere
1143 3559 1237 3637 potui,
1266 3570 1340 3623 totns
1362 3561 1463 3642 hymni
1484 3574 1550 3622 tex·

479 3652 536 3719 ⁸tns
565 3643 625 3701 senc
651 3642 686 3700 oti
716 3641 834 3700 verlnrm
863 3640 938 3699 idern
962 3638 1146 3701 firmissimus
1172 3664 1206 3703 ae
1228 3645 1405 3706 certissimus
1429 3645 1548 3724 legitur,

490 3725 661 3804 scriptoram
677 3726 713 3784 ab
740 3723 861 3784 ecelesia
883 3733 1026 3804 receptam
1049 3725 1226 3804 primariam
1238 3729 1329 3791 luisse
1350 3729 1444 3810 magis
1464 3742 1549 3810 atque
1587 3758 1590 3773 ι

468 3988 471 4001 .
558 3957 588 4029 l)
607 3981 634 4031 p.
657 3958 717 4011 291.
753 3957 820 4009 Dies
842 3959 898 4008 iras
927 3959 963 4009 ist
986 3961 1128 4027 eigentlich
1158 3966 1203 4014 ein
1233 3967 1347 4018 Tractus
1379 3969 1435 4020 und
1466 3940 1549 4021 delier

487 4033 564 4083 nicht
589 4048 634 4080 nus
653 4028 713 4079 dem
730 4029 1028 4096 Responsorieugesaug
1050 4032 1299 4100 hervorgegsugenq
1325 4055 1354 4087 er
1377 4038 1483 4090 besteht
1501 4057 1547 4089 aus

489 4101 661 4165 dreizeiligen
684 4097 766 4147 sehon
797 4095 1011 4162 gleichmiissiger
1041 4101 1173 4165 gebsuten
1206 4103 1359 4172 strophoso,
1389 4107 1433 4156 die
1463 4128 1487 4157 z.
1515 4108 1547 4156 ll.

401 4207 404 4213 .
487 4171 557 4220 noch
582 4168 642 4218 dem
666 4164 797 4215 Graduole
818 4165 967 4214 Romanum
992 4167 1126 4226 (Venetins
1146 4188 1189 4238 sp.
1210 4171 1276 4237 Aug.
1296 4172 1377 4222 Gon-d.
1405 4175 1546 4232 1591101.

488 4239 549 4288 205.
574 4239 610 4297 r.)
634 4234 703 4284 nach
726 4235 783 4282 rier
810 4233 1019 4284 verschiedencn
1043 4233 1175 4288 Choriilen
1200 4257 1336 4306 gestingen
1357 4243 1467 4295 werden
1492 4243 1547 4293 und

487 4325 561 4357 zwar
578 4306 646 4356 nach
664 4300 803 4368 folgender
820 4299 1003 4368 Auorelnung:

585 4386 801 4457 Strophe1⁹2
851 4385 897 4434 7ν
927 4385 945 4435 8
981 4388 1012 4435 13
1033 4385 1095 4436 ⁹14
1115 4389 1182 4439 nach
1201 4391 1287 4440 eiuem
1308 4390 1423 4446 Cinorele

721 4450 799 4503 3ν4
849 4452 865 4502 9
883 4452 946 4502 ν10
982 4455 1094 4506 15216
1111 4459 1179 4508 noch
1197 4457 1258 4508 dem
1277 4464 1393 4512 zweiteu
1420 4499 1422 4504 -

721 4519 801 4572 svo
838 4524 948 4570 11212
984 4525 1014 4572 17
1041 4539 1084 4560 -’
1109 4526 1178 4581 nach
1196 4525 1256 4576 dem
1275 4527 1376 4590 dritten

638 4590 694 4639 und
712 4590 774 4641 18ν
794 4587 826 4640 19
842 4589 910 4641 nach
929 4589 989 4641 dem
1007 4592 1119 4644 rientem.
1290 4618 1292 4622 ’

1366 4650 1372 4681 l

1248 4720 1259 4747 N
