3750 5400
878 1110 935 1198 u.
1113 1189 1115 1194 ,

302 1260 307 1273 “
424 1277 1500 1382 ΤΗῡΜΑευΜΕΜΝο.,
1592 1245 1594 1252 '

825 1581 979 1649 CXXIII.

732 1725 837 1788 Proso
858 1726 899 1787 de
919 1724 1073 1788 Mortuis·
1116 1799 1122 1804 ..

611 1885 617 1892 .
713 1846 770 1897 vel:
793 1846 843 1897 De
861 1846 928 1897 Die
947 1845 1086 1897 ludicii.

517 1946 573 2000 vel:
599 1947 634 1999 ln
653 1946 989 2000 Commemoratione¹
1014 1946 1285 1998 Defunctorum.

612 2068 631 2117 1.

456 2165 576 2217 Marmor
600 2168 784 2220 Mnuttrunum.

370 2230 497 2362 Cogita
512 2283 657 2365 (Quaeso)
671 2285 769 2348 uuiura
783 2284 876 2346 tidelis

365 2366 407 2425 Ad
428 2368 494 2446 quid
515 2372 689 2447 respondere
709 2370 783 2431 velis

366 2450 623 2516 Christo-venturo
645 2455 679 2514 de
701 2454 799 2517 coedis.

363 2583 436 2645 Cum
460 2587 597 2665 deposcet⁸
615 2588 754 2650 rationem

363 2669 408 2730 Ob
428 2669 495 2759 ¹irorri
518 2671 705 2735 omissionem

363 2754 407 2815 01»
430 2756 501 2816 maii
520 2758 761 2831 commissionem.

361 2887 434 2953 Dies
454 2888 523 2964 illa,
546 2891 608 2954 dies
628 2891 705 2970 irae,

336 3022 349 3033 ..
362 2975 458 3049 Quum
478 2995 615 3038 oonemnr
634 2972 804 3055 praevenire

362 3059 541 3141 Obviamque
560 3060 622 3150 Deo
648 3061 699 3126 ire.
789 3142 792 3153 ‚

359 3194 446 3256 Seria
466 3195 636 3257 contritione

359 3278 478 3340 Gratiae
499 3280 727 3359 apprehensione

359 3363 443 3425 Vitae
465 3364 672 3428 emendatione.

358 3497 430 3559 Dies
450 3503 529 3577 irae,
550 3498 613 3561 dies
636 3498 687 3561 iliu

358 3582 459 3643 Solvet
480 3585 607 3647 saeelum
629 3585 658 3644 iu
680 3584 782 3645 savilio

359 3667 449 3754 'Peste
469 3667 554 3730 l’etro
578 3689 642 3730 euru
663 3669 785 3748 Sybrita.

358 3801 491 3876 eroutus
513 3815 619 3865 tremor
640 3815 684 3865 est
705 3787 819 3866 iorturus
859 3784 862 3789 ¹

357 3885 479 3960 Quando
502 3887 591 3950 iudex
613 3898 656 3948 est
678 3898 815 3951 venturus

356 3970 468 4034 cuneta
487 3973 584 4033 stricte
605 3972 797 4039 discessurae.

356 4107 444 4168 Tubu
467 4106 571 4168 mirum
595 4116 736 4189 spargens
764 4128 867 4170 sonum

355 4192 414 4252 Per
437 4193 572 4275 sepulcro
593 4194 744 4272 regionum

356 4275 449 4355 Coget
471 4297 571 4338 ourues
593 4292 660 4338 ante
681 4280 823 4340 thronum.

356 4412 440 4472 Mors
462 4413 588 4491 stupebit
606 4420 757 4472 et·uutura

358 4497 431 4556 Cum
456 4508 589 4576 resurget
610 4509 742 4558 ereatura

355 4581 494 4642 iudiruuti
521 4601 707 4661 responsuro.

1160 2066 1192 2114 11.

1014 2164 1114 2221 Cantus
1132 2164 1333 2220 Heemmerlini.

911 3503 984 3564 Dies
1004 3500 1082 3579 irae,
1103 3500 1165 3562 dies
1185 3498 1239 3561 ida

912 3587 1012 3650 Solvet
1033 3585 1161 3647 saeelum
1180 3605 1246 3646 oum
1267 3584 1371 3651 saville
1415 3638 1419 3647 ,

911 3674 1001 3739 'Peste
1021 3669 1115 3734 David
1136 3690 1202 3731 eum
1224 3668 1349 3754 Sybidlo.

911 3807 1028 3877 Tantus
1047 3815 1156 3867 tremor
1177 3815 1221 3866 est
1242 3806 1357 3868 futurus

909 3891 1032 3968 Quando
1053 3891 1141 3952 iudex
1162 3900 1205 3951 est
1226 3901 1364 3953 neuturus

909 3975 1022 4038 Cuncta
1042 3975 1140 4038 striete
1162 3974 1357 4037 discussurus.

910 4111 997 4173 Tube
1017 4111 1092 4171 mira
1113 4117 1232 4187 sparget
1252 4126 1355 4167 sonum

909 4195 966 4255 Per
988 4195 1122 4275 sepulcra
1144 4193 1295 4271 regionum

910 4278 1027 4358 Cogeus
1049 4297 1148 4339 omnes
1170 4285 1235 4335 ante
1255 4275 1398 4336 thronum.

911 4414 1000 4475 Meus
1022 4410 1159 4491 stupescit
1181 4417 1208 4469 et
1229 4417 1333 4468 natura

913 4496 987 4558 Cum
1011 4494 1139 4572 resurgit
1159 4502 1291 4554 ereatura

915 4580 1056 4642 iudicanti
1077 4597 1263 4661 responsura.
