3750 5400
833 676 933 750 ‘1111

1351 772 1366 805 N

355 850 509 918 ineffabilis
535 854 640 914 ardore
667 851 796 932 insigniti
824 865 919 915 erant:
954 873 1038 934 quern
1067 854 1180 933 quidem
1207 873 1335 918 amorem
1365 856 1410 917 dei

354 937 518 1018 piissimum
539 947 647 998 tautam
670 937 728 998 viru
747 938 778 998 in
798 938 910 999 animos
931 940 1037 1000 habero
1058 938 1200 1013 indicant,
1228 951 1258 999 nt
1279 941 1410 1002 homiues

353 1020 463 1084 Christi
490 1021 621 1084 crncifixi
658 1030 685 1082 et
716 1022 830 1083 dolores
859 1024 1003 1084 senserint
1037 1034 1066 1085 et
1099 1024 1217 1102 signnm
1252 1024 1409 1090 retulerint.
1521 1075 1524 1082 .

350 1109 428 1178 ,Cum
449 1106 691 1174 arrtem'dubitari
713 1105 831 1177 minima
851 1108 958 1188 possit,
982 1107 1051 1185 quin
1071 1108 1152 1170 illius
1172 1109 1276 1187 plagae
1298 1110 1411 1170 divinae

350 1192 381 1252 in
403 1191 498 1254 Prusa
518 1202 617 1252 nostra
638 1190 742 1251 mentio
764 1192 841 1252 lacta
861 1191 899 1252 sit
918 1192 999 1275 (Str.
1020 1193 1051 1255 8.
1072 1193 1142 1269 9.),
1165 1191 1292 1272 primam
1314 1193 1412 1253 cunie-

349 1279 444 1337 ctnra‘
455 1275 572 1354 assequi
592 1274 680 1351 licet,
700 1286 846 1338 auctorem
871 1277 1007 1338 carminis
1027 1289 1093 1357 post
1112 1277 1260 1338 Francisci
1282 1286 1412 1355 tempora

350 1358 481 1434 vixisse,
502 1371 563 1420 tnm
584 1379 652 1421 vero
674 1359 759 1421 etiam
782 1360 970 1439 improbabile
990 1382 1047 1422 uun
1069 1360 1140 1441 erit,
1160 1363 1280 1422 eundem
1302 1382 1339 1422 ex
1362 1383 1411 1423 ur-

347 1444 416 1506 dine
438 1445 644 1506 monachornm
665 1442 697 1507 S.
718 1441 865 1505 Fruu'oisoi
886 1447 987 1508 luisse.
1029 1446 1110 1507 Haec
1136 1446 1233 1507 omnia
1260 1446 1286 1508 si
1307 1454 1410 1526 reputa

348 1548 384 1591 ac
412 1530 575 1609 perpendo,
603 1528 685 1589 mitto
706 1529 916 1607 lunuuentium,
946 1530 1044 1591 reiiciu
1066 1530 1241 1611 Gregorius,
1264 1531 1410 1592 dubitatur

347 1611 423 1676 mihi
442 1613 581 1676 loannesr
609 1613 638 1673 iu
667 1631 722 1674 nno
748 1614 898 1692 acquiesco
927 1615 1029 1676 lacobo
1055 1617 1090 1674 de
1118 1613 1291 1677 Benedictis.
1333 1616 1409 1676 Nam

348 1713 423 1778 qnae
445 1699 530 1759 modu
552 1695 740 1777 exposuimus
761 1698 866 1777 optime
894 1698 923 1759 iu
946 1700 1021 1760 hunc
1048 1698 1193 1780 seraphici
1213 1698 1337 1761 doctoris
1362 1718 1411 1759 se-

347 1782 503 1863 raphicum
529 1784 632 1845 uadunt
660 1781 842 1862 discipulum.
894 1783 985 1843 Porro
1012 1785 1226 1845 commendatur
1247 1783 1410 1844 testimonie

348 1868 449 1928 Lucae
473 1866 641 1948 Wuddingii
667 1867 824 1928 doctissimi
853 1885 888 1928 au
914 1866 1127 1947 diligentissimi
1157 1866 1272 1952 siritii)
1305 1866 1409 1945 reliqui

348 1969 452 2012 omues
473 1950 561 2012 simili
584 1961 681 2012 carent
704 1951 870 2030 patrocinio.
921 1952 1069 2013 Consentia
1099 1953 1221 2030 deniquo
1243 1962 1411 2032 prosatum

346 2047 416 2116 apta
438 2055 505 2097 caru
524 2035 617 2096 lacobi
641 2037 769 2098 moribus
790 2047 875 2115 atquc
895 2036 1028 2115 ingenio,
1048 2057 1114 2097 cnm
1135 2036 1312 2099 carminibus
1332 2034 1410 2096 itali·
1510 2045 1513 2053 “

349 2139 385 2182 ce
405 2119 444 2181 ab
466 2120 531 2199 ipso
560 2121 727 2197 compositis
755 2131 800 2195 ut,
834 2119 858 2179 si
893 2122 1080 2201 disceptatum
1110 2133 1153 2185 est
1180 2122 1321 2199 gemellos
1347 2122 1411 2181 loe·

348 2217 396 2267 tus
415 2203 472 2268 sibi
502 2216 567 2266 esse
594 2204 780 2280 simillimus,
809 2225 865 2265 non
892 2206 1018 2283 amplius
1044 2206 1166 2266 dubitari
1201 2206 1307 2281 liceat,
1340 2203 1409 2283 quin

347 2289 508 2370 lacuponus
531 2310 596 2350 curu
618 2290 725 2352 ltaliuis
747 2290 878 2351 cuntibus
899 2302 1026 2350 nostram
1042 2290 1163 2352 Prosam
1183 2292 1326 2368 genuerit.
1347 2288 1409 2371 (cl.

348 2374 528 2442 Mabnike
549 2374 669 2437 lacobus
691 2376 725 2435 de
746 2374 908 2436 Benedictis
930 2376 999 2433 oder
1019 2374 1160 2452 lacopone
1183 2376 1220 2435 da
1238 2374 1325 2449 Tudi,
1347 2374 1410 2434 sein

346 2459 449 2521 Lebeu
483 2459 539 2520 und
572 2460 636 2521 sein
668 2458 867 2529 schriltlichcr
886 2459 1038 2520 Nachlass.
1075 2459 1233 2520 Kirclren-
1258 2460 1316 2519 und
1347 2457 1410 2518 Lit-

347 2543 495 2630 terurhisl.
515 2542 634 2605 Studien
656 2554 709 2603 etc.
732 2544 754 2605 l.
776 2541 807 2605 S.
827 2542 889 2605 335
906 2543 1046 2620 -406.)
1089 2544 1205 2616 Restat,
1239 2552 1270 2603 ut
1293 2542 1409 2602 illorum

347 2627 521 2690 mutantium
543 2628 711 2707 refutemus,
732 2627 780 2708 qui
795 2626 827 2687 S.
841 2629 1021 2688 Beruardum
1035 2626 1170 2687 carminis
1184 2637 1329 2687 auctorem
1344 2642 1409 2684 esse

346 2713 535 2794 suspicantur
554 2723 640 2791 atque
665 2713 845 2774 contendunt.
874 2711 1018 2772 Nimirum
1046 2710 1156 2772 invenit
1177 2712 1202 2779 l.
1219 2711 1242 2771 1.
1264 2712 1358 2771 Dodt
1378 2708 1410 2768 in

345 2798 521 2859 bibliotheca
534 2799 706 2863 Academiae
719 2796 938 2858 Ultraicctcnsis
954 2795 1080 2856 codicem
1098 2816 1174 2858 saec.
1191 2795 1292 2856 decimi
1308 2792 1409 2873 quinti,

346 2883 396 2964 qui
410 2883 532 2944 Prusam
548 2892 676 2943 nostram
689 2882 823 2960 operibus
839 2879 962 2940 doctoris
978 2879 1205 2942 Cluravallensis
1226 2881 1410 2941 intersertam

345 2967 508 3031 exhiberet.
527 2961 579 3044 *il
608 2965 742 3042 (brcbicl
762 2964 1009 3042 voorkerlrelijke
1031 2966 1239 3044 geschiedencs
1260 2965 1410 3025 iuaunder·
1476 2956 1479 2967 '

345 3053 407 3116 heit
420 3069 479 3131 aaa
493 3049 666 3126 Nuuortaod,
689 3049 850 3110 verzameld
864 3050 934 3108 door
949 3049 1017 3109 llist
1037 3069 1073 3109 en
1095 3051 1257 3128 Royaards.
1279 3049 1336 3112 Th.
1357 3046 1407 3108 lll.

343 3130 469 3219 [lsai]
491 3134 740 3213 ram-490.)
769 3131 832 3193 Hac
854 3133 1217 3209 narrationecummutus,
1237 3143 1264 3193 ιι
1285 3146 1316 3193 ιιι
1337 3130 1408 3192 mihi

342 3221 460 3284 ridetur
484 3219 526 3286 roi
554 3219 679 3281 novitate
705 3217 828 3278 allectus
856 3217 931 3279 Nic.
959 3216 1100 3278 Christ.
1122 3218 1229 3292 Kiot,
1262 3216 1409 3296 professor

342 3303 566 3386 Lugdunensis,
586 3300 874 3365 commentatiuncula
901 3300 932 3362 iu
954 3302 1071 3362 casdem
1092 3302 1300 3380 Epherumides
1327 3300 1409 3360 tbcu-

344 3391 459 3470 logicas
498 3399 613 3468 recepta
649 3405 872 3468 praeproperam
911 3386 1040 3447 stabilire
1080 3386 1187 3447 studuit
1226 3385 1408 3462 opinionem,

343 3475 442 3553 ipsam
461 3473 639 3535 Ber-nardum
662 3473 784 3534 Prosam
798 3471 973 3533 'coniecisse
1017 3471 1088 3551 (lots
1109 3490 1178 3530 orer
1199 3473 1253 3530 den
1274 3471 1410 3548 Hymnus

343 3558 447 3620 Stabat
475 3570 567 3620 mater
600 3557 745 3627 dolorosa.
794 3555 875 3615 Naar
901 3556 1069 3634 aualcidiug·
1097 3574 1152 3616 vau
1182 3575 1234 3614 ceu
1262 3553 1323 3616 HS.
1352 3571 1411 3618 vall

345 3643 522 3722 deuoclsen,
553 3643 764 3703 vobrkomeude
785 3640 814 3703 iu
837 3661 927 3701 ceucn
947 3639 1120 3701 Codexdor
1141 3641 1255 3700 werkcu
1278 3658 1337 3700 van
1365 3636 1410 3702 St.

344 3728 525 3793 Bernardus.
565 3727 702 3807 (Archiel
722 3747 750 3792 n.
772 3745 797 3788 s.
818 3746 851 3787 w.
879 3726 937 3788 Th.
952 3725 1001 3791 ΙΙΙ.
1028 3725 1059 3792 S.
1074 3725 1134 3788 491
1153 3723 1295 3804 -502).
1348 3722 1410 3785 Sex
1506 3726 1508 3730 ’
1593 3714 1594 3718 ’

391 3947 440 4009 ·*)
458 3947 557 4017 Scri'pt.
583 3945 648 3998 Ord.
675 3947 812 3999 Minor-um
837 3958 888 3998 etc.
912 3949 1013 3998 Romae
1038 3946 1113 3997 1650.
1141 3946 1188 3996 fol.
1209 3947 1268 3995 180.
1290 3945 1347 3996 181.
1374 3944 1408 3994 de

343 4017 459 4068 lactabo:
480 4017 668 4085 „Rhythurunr
688 4015 721 4065 ad
739 4016 769 4064 B.
790 4016 824 4065 V.
850 4016 964 4065 Mariam
992 4010 1041 4065 s‘ub
1066 4032 1144 4065 cruce
1169 4017 1196 4063 in
1221 4011 1319 4063 Christi
1344 4029 1409 4079 pas-

342 4087 419 4136 sione
438 4095 552 4135 stuutem
571 4103 617 4152 qur
635 4086 747 4150 incipit:
767 4084 860 4135 Stabat
879 4095 963 4134 mater
980 4083 1106 4134 dolorosa
1123 4080 1307 4132 circumfertur
1323 4082 1354 4128 iu
1370 4080 1407 4126 li-

341 4153 418 4205 bello
437 4151 522 4205 officii
539 4151 711 4203 Beatissimae
729 4150 880 4217 Virginis.“
916 4151 1110 4218 Waddinginm
1128 4159 1255 4213 sequntur
1274 4147 1407 4196 Wan-

340 4222 403 4273 ιὸιι
421 4219 586 4292 (Appendix
600 4220 634 4270 ad
648 4222 746 4272 Histor.
761 4219 958 4282 (Litter.[Guil.
973 4219 1043 4272 Cave
1056 4218 1137 4269 Basil.
1152 4213 1225 4266 1744.
1243 4232 1272 4280 p.
1287 4210 1313 4262 8.
1326 4213 1408 4263 Gen·-

342 4289 420 4340 bert
438 4289 473 4340 de
494 4300 574 4340 cantu
593 4301 618 4341 et
638 4291 735 4338 musica
759 4306 832 4338 sacra
858 4290 889 4337 ll.
916 4307 943 4355 p.
968 4291 1009 4336 27.
1036 4286 1190 4350 Augusti
1211 4281 1406 4346 llenkwiirdig-

340 4359 436 4410 kelten
456 4379 482 4410 ιι.
502 4376 523 4408 s.
543 4377 581 4409 w.
615 4359 651 4408 V.
668 4359 696 4407 S.
711 4358 771 4407 311.
793 4357 896 4407 libert
915 4357 1030 4423 Allgem.
1049 4349 1307 4417 Bibliogcaphisches
1320 4349 1406 4398 Lexi-

342 4423 840 4490 ceul.S.874,Rambachius,
862 4420 1251 4482 Mohnilrius,Lisc0a.
1296 4436 1300 4444 ·

342 4597 354 4647 ¹
393 4524 532 4647 ”)Ulnsru
551 4529 708 4598 scripturam
724 4522 829 4579 Codicis
847 4516 1047 4578 Ultraiuctensis
1065 4518 1181 4570 brevitur
1198 4513 1405 4584 significabimus

355 4599 422 4648 itura
465 4632 472 4646 .
