3750 5400
956 712 1022 786 sa

684 900 741 965 Id·
796 908 851 971 De
870 907 906 971 S.
928 908 1183 971 Bartholomooo
1205 904 1299 991 (Pr.)

548 1026 631 1087 Diem
646 1026 752 1105 lestnm
766 1026 983 1126 Bartholomoei
999 1024 1108 1089 Christi
1123 1026 1208 1087 amioi
1224 1026 1329 1087 iratres
1343 1022 1467 1086 excolite
1481 1031 1537 1085 ete.

723 1234 796 1302 LII.
826 1243 894 1307 De
914 1244 1109 1307 Nativitote
1131 1243 1280 1307 Mariae.

548 1359 629 1425 Eoos
646 1362 780 1426 sollemni
801 1362 857 1425 lsoo
878 1363 924 1425 dis
945 1382 1084 1427 oanamns
1105 1363 1256 1425 festa-eto.

665 1541 755 1640 Llll.
796 1581 976 1644 Dominioo
992 1541 1070 1663 post
1090 1580 1331 1647 Ascensr'ooteso.

551 1702 597 1761 En
619 1709 757 1780 regnator
777 1699 962 1777 coelestiam,
984 1709 1164 1761 terrenorum
1186 1711 1239 1767 eto.

593 1909 679 1976 LIV.
723 1917 767 1981 Ῑιι
787 1918 914 1982 Natali
933 1920 970 1984 S.
990 1921 1150 2006 Dionysio·
1171 1931 1205 1990 et,
1223 1917 1410 1985 Sociorum.
1478 1865 1483 1871 ·
1591 1874 1594 1878 ἢ

552 2036 726 2098 Exoltemos
754 2036 786 2097 in
817 2037 874 2099 ista
904 2039 1011 2101 iratres
1039 2038 1249 2114 sollemnitate,
1276 2037 1402 2117 gandeat
1430 2037 1541 2117 pariter

467 2119 562 2182 omnis
584 2121 707 2184 ecelesia
728 2131 782 2182 eto.
812 2156 853 2167 —
882 2157 925 2169 -
954 2122 1011 2183 Sed
1040 2144 1098 2204 non
1128 2123 1223 2184 minos
1250 2121 1428 2202 Radaspona
1457 2124 1542 2200 beata

468 2224 542 2285 quae
564 2215 635 2266 nntn
657 2224 762 2283 soporo
784 2206 925 2268 translata
946 2227 1023 2269 nono
1043 2227 1111 2271 ossa
1132 2208 1219 2269 lnaloet
1241 2207 1342 2267 eadem
1362 2215 1417 2268 eto.
1485 2224 1489 2234 ¹

928 2362 1075 2370 -——-——

446 2527 449 2537 ‚
551 2458 584 2520 ln
606 2455 677 2518 Cod
696 2460 725 2525 5
746 2460 872 2521 secunda
893 2478 980 2522 mano
1002 2462 1144 2521 adiectum
1171 2470 1216 2520 est
1236 2477 1363 2521 carmen.
1405 2448 1441 2521 ln
1463 2479 1548 2523 mar

468 2542 537 2621 gine
557 2550 755 2620 annotatnrr,
756 2544 807 2621 ,ln
827 2545 999 2607 coenobium
1013 2545 1087 2607 istud
1102 2544 1289 2606 trdnstnlerat
1303 2544 1472 2607 mortalium
1487 2566 1543 2627 rex

444 2626 678 2690 =insietissimns
707 2646 811 2708 regom
845 2628 987 2691 Arnollns
1022 2627 1198 2691 sanctissimi
1234 2628 1404 2690 thesauram
1432 2649 1542 2711 eorpus

468 2712 592 2774 Dion
546 2712 616 2796 yssi
619 2717 638 2749 “
670 2712 715 2773 De
729 2713 866 2777 famosa
857 2726 914 2776 osta
927 2715 1124 2776 controversia
1136 2733 1223 2795 quam
1237 2715 1272 2775 de
1286 2733 1406 2794 corpore
1420 2713 1453 2780 S.
1468 2710 1544 2778 Dio·

467 2817 509 2880 ny
510 2797 547 2858 sii
546 2738 737 2876 ylsaalnolnant
729 2808 804 2859 mter
825 2818 857 2861 se
877 2798 1012 2862 monaehi
1035 2799 1069 2861 S.
1084 2798 1252 2860 Emmerani
1266 2798 1498 2862 Ratisloonenses
1514 2809 1544 2862 st

468 2882 627 2944 olanstrnm
648 2882 679 2945 S
685 2874 835 2964 Dionysii
858 2884 935 2963 opnd
963 2883 1123 2960 Lutetiam,
1152 2885 1241 2947 adeas
1262 2883 1410 2946 Radernm
1431 2883 1543 2949 Baras.

400 3004 403 3008 -
468 2965 566 3028 Sanot.
588 2966 611 3028 l.
636 2969 697 3031 119
718 2987 762 3057 sq
805 2967 890 3030 Hane
910 2988 1010 3039 ossnm
1023 2987 1174 3029 saorornm
1197 2967 1417 3038 translationem
1438 2970 1488 3031 vei
1511 2979 1546 3032 nt

468 3050 575 3114 rectius
597 3050 690 3114 dicam
708 3044 764 3113 hoo
785 3050 902 3116 saorn'm
923 3054 1033 3116 fortem
1055 3062 1152 3131 cantat
1172 3072 1262 3134 prosa
1282 3053 1392 3117 saecoli
1415 3053 1467 3116 xt.
1491 3058 1546 3130 (ex

469 3136 541 3201 Cod
574 3137 655 3202 Mon.
683 3137 846 3203 Emmerao
873 3137 910 3202 Ii.
938 3136 1057 3217 CXlll.)
1081 3136 1175 3200 onias
1200 3139 1399 3219 fragmentum
1432 3139 1545 3222 legitur

453 3224 545 3302 *apud
567 3220 759 3305 Woliinmp.
782 3223 861 3288 466:
1491 3279 1506 3295 .
1551 3226 1553 3230 ’

469 3356 581 3421 Andits
594 3355 696 3419 fidelos
710 3357 816 3438 populi
837 3377 957 3421 oanstm
978 3358 1106 3421 rumoris
1126 3356 1248 3420 maximi

469 3439 552 3514 Quas
574 3441 628 3499 saio
649 3443 827 3520 temporibus
847 3443 994 3503 modernis
1012 3443 1128 3504 Noricis
1152 3442 1247 3524 conti.³
1230 3441 1272 3503 it
1293 3440 1388 3507 terris.

469 3568 807 3652 Beatissimnsnamqne
828 3574 1149 3654 Dionysias,Atl1enis
1171 3580 1313 3656 qnondam
1335 3577 1514 3660 episcopas,

470 3653 564 3730 Quem
584 3665 701 3718 sanstus
722 3656 858 3718 Clemens
879 3658 1021 3720 direxit
1012 3678 1043 3719 ιιι
1064 3660 1191 3722 Galliam
1216 3673 1335 3762 propter
1355 3664 1546 3744 praedicandi

472 3821 636 3903 {iidemque
657 3792 798 3907 martyrio
822 3834 977 3887 coronatas
998 3747 1417 3908 comperiturieiaiffiutnus.
1508 3902 1515 3908 .

471 3957 529 4021 Hie
547 3957 624 4018 idem
637 3960 691 4019 snb
707 3957 835 4038 tempore
857 3961 915 4023 iam
930 3962 1085 4042 eontingno
1106 3964 1172 4026 inde
1193 3966 1353 4028 translatus
1375 3976 1420 4030 est
1435 3969 1546 4032 Norioo
1574 3955 1594 4026 s

471 4045 505 4106 ln
527 4042 705 4105 Emmerami
728 4045 801 4104 beati
824 4045 1008 4120 coenobium,
1029 4048 1101 4110 satis
1120 4050 1233 4110 eelebre
1255 4061 1283 4111 et
1303 4051 1459 4116 famosum.

473 4128 531 4190 Sed
567 4130 622 4192 lnoo
656 4127 735 4208 quali
773 4139 969 4212 perpetratum
1011 4123 1121 4193 constet
1153 4135 1271 4234 modo&
1293 4135 1382 4279 ¹nobis
1417 4137 1548 4201 breviter

1185 4237 1292 4280 nuncia
1312 4239 1339 4283 o.

475 4349 635 4428 Imperator
656 4348 710 4411 tuit
732 4348 847 4447 qnidam
870 4347 1012 4428 eximius,
1041 4351 1156 4412 nomino
1178 4354 1266 4415 etiam
1286 4354 1427 4422 Arnollus
1529 4332 1533 4340 Ι

476 4434 522 4495 Ex
543 4434 624 4497 illins
644 4433 783 4515 prosapia
803 4433 925 4513 gloriosi
949 4431 1090 4513 pontilicis
1110 4438 1254 4515 qnondam
1275 4439 1387 4500 Amolfi

366 4592 369 4599 Ι
477 4516 680 4581 Clarissimam
709 4529 807 4582 tenens
836 4516 933 4580 earnis
961 4517 1103 4598 originem
1132 4521 1317 4626 einsdemqns
1339 4542 1464 4604 sequens
1487 4526 1548 4609 virf

1167 4614 1287 4671 Qtntem
