3750 5400
823 675 921 750 8⁰7

334 852 434 932 niue,
459 871 534 934 quae
554 855 609 914 uei
625 852 813 915 marcescenti
835 853 948 933 liquore
969 851 1084 930 defluit,
1104 871 1158 912 nce
1179 851 1318 914 offensam
1340 852 1405 914 tetri

335 938 451 1000 nidoris
472 937 602 1000 exhalat.
642 937 718 1013 Quid
740 937 816 998 enim
839 938 935 1016 magis
955 938 1169 997 accommodum
1193 938 1344 1016 magisque
1363 937 1408 997 is·

337 1021 465 1099 stiuam,
489 1039 575 1100 quarn
599 1021 720 1082 lessciro
742 1021 806 1082 duri
826 1022 923 1082 floreis
944 1024 1121 1082 excubemus
1150 1032 1180 1080 ut
1201 1022 1295 1085 tedist
1322 1039 1408 1099 prae·
1512 1090 1517 1110 Ι

337 1106 440 1168 sertim
471 1124 536 1166 cum
559 1114 587 1166 et
609 1105 753 1184 sapientia
774 1107 808 1165 do
831 1107 986 1184 semetipsa
1008 1104 1159 1164 cecineritc
1179 1106 1244 1184 Ego
1266 1123 1331 1165 snm
1353 1105 1408 1166 flos

338 1190 408 1269 egri
430 1200 459 1251 et
480 1188 574 1251 litium
595 1191 780 1251 convallium.
827 1189 919 1250 Ceras
941 1190 1030 1268 igitur
1047 1209 1100 1247 nec
1123 1189 1208 1266 pinus
1231 1200 1335 1249 exusta
1356 1190 1408 1247 de·

337 1276 440 1349 sudat,
469 1293 523 1333 nec
542 1273 654 1334 arcteris
683 1273 813 1334 sauciata
835 1274 1007 1352 bipennibus
1029 1275 1133 1333 cedrus
1151 1272 1329 1350 illacrymat,
1357 1272 1407 1332 sed

339 1368 387 1420 est
408 1358 468 1418 iiiia
490 1377 597 1419 arcana
618 1361 653 1417 de
675 1357 841 1436 virginitate
862 1360 990 1435 creatio,
1011 1371 1038 1418 et
1053 1356 1134 1435 ipsae
1156 1354 1408 1434 transfiguratione

338 1441 418 1504 nicei
440 1443 575 1503 candoris
595 1443 755 1504 albescunt.
799 1442 928 1503 Eandem
959 1462 1028 1502 vern
1050 1461 1189 1520 papyrum
1214 1440 1322 1519 liquida
1345 1441 1410 1500 inu·

339 1525 379 1588 tis
403 1527 479 1586 unda
501 1526 648 1606 producit,
680 1545 754 1604 qnae
776 1528 869 1587 instar
889 1526 1013 1587 insontis
1035 1524 1165 1602 spineae,
1193 1524 1281 1585 rrrriiis
1301 1522 1411 1584 articu-

340 1611 422 1673 totm
442 1609 558 1671 sinuata
578 1610 787 1690 compagibus,
816 1613 865 1671 sed
888 1609 1026 1691 virginati
1047 1609 1238 1689 circumsepta
1260 1608 1408 1684 materiae,

341 1695 377 1756 fit
395 1693 551 1774 hospitalis
572 1693 691 1773 ignibus
710 1696 830 1755 aiumua
851 1694 991 1755 rivorum.
1040 1694 1129 1754 Decet
1157 1715 1227 1771 ergo
1255 1693 1410 1753 adrentum

340 1778 464 1859 sponsi,
489 1778 613 1840 dulcatis
640 1780 793 1840 ecelesiam
816 1778 1008 1840 luminaribus
1029 1778 1172 1857 opperiri,
1195 1788 1222 1837 et
1245 1776 1410 1855 largitatem

339 1862 505 1925 metitatis
526 1873 695 1939 acceptam,
717 1873 823 1941 quatita
844 1861 920 1923 vaiet
935 1863 1094 1922 devotionis
1117 1862 1181 1920 deute
1195 1880 1335 1940 pensare,
1357 1877 1411 1919 nee

339 1955 460 2008 metas
483 1947 656 2025 interpolare
676 1948 810 2008 tenebras
825 1945 975 2022 excubiae,
998 1949 1046 2004 sed
1071 1946 1163 2005 tedam
1177 1946 1324 2022 sapienter
1345 1962 1414 2023 per·

340 2028 439 2112 petuis
462 2049 640 2109 praeparare
661 2030 834 2106 inminibus,
856 2050 892 2089 nc
913 2031 980 2090 dum
1004 2030 1097 2089 uicum
1120 2029 1249 2090 earrdeiis
1271 2028 1432 2106 adiungis

341 2125 410 2191 tur,
431 2115 584 2175 adrentum
608 2115 723 2175 Domini
747 2114 829 2174 tardo
852 2133 1062 2193 prosequantur
1081 2113 1235 2192 «obsequio,
1263 2113 1310 2192 qni
1334 2109 1428 2173 eerte'

340 2198 375 2259 in
397 2196 454 2258 ictu
477 2198 553 2259 oeuii
578 2208 607 2258 ut
630 2219 767 2259 conusens
789 2199 929 2263 adveniet.
973 2198 1064 2275 igitur
1092 2200 1119 2256 in
1149 2198 1236 2258 burins
1265 2196 1322 2256 diei
1345 2193 1412 2257 res·

341 2299 414 2362 pere
435 2290 537 2342 cuneta
559 2282 733 2342 venerabilis
749 2282 921 2342 sacramenti
937 2281 1083 2359 pieuitudo
1105 2281 1269 2361 coiiigitnre
1289 2290 1317 2341 et
1339 2290 1413 2360 quac

340 2364 470 2428 dirersis
490 2376 558 2427 sunt
586 2365 782 2444 praetigurata
811 2365 855 2426 rei
885 2376 969 2443 gesta
991 2367 1186 2444 temporibus,
1214 2366 1301 2427 burins
1320 2364 1412 2424 noctis

341 2448 493 2510 enrricula
516 2450 650 2511 devotum
670 2449 851 2529 supplentur.
893 2449 967 2509 Natu
993 2450 1116 2527 pr'inurm
1141 2449 1195 2509 boc
1218 2451 1413 2526 vespertinum

342 2533 461 2610 lumen,
480 2533 555 2594 sicut
577 2534 629 2612 iiia
650 2535 888 2611 duxMagorum
917 2533 1002 2593 steiiu
1029 2532 1190 2610 praecedit:
1218 2531 1318 2591 deiude
1349 2553 1414 2615 my·

343 2617 438 2680 eticae
458 2617 689 2697 regenerationis
712 2619 787 2678 trudo
806 2618 1004 2695 subsequitur,
1034 2619 1111 2676 reiut
1132 2618 1269 2694 dignante
1291 2615 1413 2676 Domino

342 2699 456 2765 fluenta
482 2701 629 2779 iordanis,
659 2703 742 2763 tertio
771 2702 1009 2762 resurrectionem
1032 2701 1140 2764 Christi
1169 2722 1228 2762 vox
1255 2701 1414 2779 apostolica

341 2785 506 2849 marton·
527 2785 687 2847 annuntiat.
737 2787 815 2847 Tum
845 2786 880 2843 ad
909 2785 997 2846 totius
1025 2784 1154 2861 mysterii
1182 2785 1414 2863 supplementum

344 2866 468 2932 christo
484 2871 611 2931 rescitur
632 2872 716 2932 turba
738 2868 889 2946 fidetium,
911 2888 985 2947 quae
1007 2868 1225 2931 resurrectionis
1246 2868 1415 2930 Dominirue

341 2953 442 3033 dicar,
463 2954 580 3025 cbristo
603 2955 632 3013 iu
655 2952 788 3014 oumibus
814 2964 1018 3032 prosperante,
1046 2953 1194 3034 suscipiat.
1235 2955 1292 3014 Per
1310 2958 1416 3013 bonnm

342 3050 377 3099 et
397 3038 577 3099 benedictum
593 3039 700 3099 Filium
723 3047 802 3098 tuum
816 3038 972 3099 Dominum
994 3050 1124 3097 nostrum
1147 3039 1242 3098 iesum
1257 3036 1416 3115 Christum,

342 3142 415 3184 arn
437 3124 616 3202 quotbeutus
638 3123 713 3182 uiris
735 3133 763 3181 et
785 3141 892 3200 regnas
907 3122 1003 3199 Deris,
1025 3127 1054 3183 in
1078 3123 1185 3183 unitate
1199 3120 1327 3200 Spiritus
1340 3121 1417 3182 San·

342 3207 411 3285 eti,
429 3227 483 3287 per
503 3208 602 3267 omnia
623 3207 743 3268 sacerdo
766 3206 960 3268 saeculorum.
1001 3207 1105 3267 Amen.

355 3324 358 3330 ’
417 3321 532 3391 [Postea
550 3337 705 3395 aspergatur
722 3345 806 3375 cereus
823 3344 893 3390 aqua
911 3326 1059 3385 benedicta,
1077 3335 1100 3374 α
1119 3325 1277 3388 incensetur,
1298 3337 1322 3375 et
1338 3325 1417 3391 quia—

341 3412 396 3461 que
410 3412 502 3465 grana
518 3396 614 3443 incensi
632 3395 757 3443 benedicti
774 3412 791 3442 a
809 3396 917 3443 diacono
940 3391 1088 3460 infigantur
1106 3412 1174 3442 cereo
1191 3395 1218 3441 irr
1236 3395 1338 3442 modum
1355 3412 1419 3443 eru·-¹

343 3464 400 3524 eiu,
425 3461 543 3525 uidelicet
567 3480 644 3525 cuper
666 3461 742 3512 iliam
766 3480 866 3511 crucem
888 3479 954 3527 puae
976 3462 1141 3509 corumuniter
1160 3462 1237 3530 pingi
1258 3461 1322 3512 colet
1344 3480 1419 3530 cuper

340 3531 525 3591 huiuamodi
541 3533 618 3581 careia
635 3529 813 3581 Paacbadr'due.
816 3527 838 3594 J

619 3863 651 3918 C.
686 3862 840 3917 secundum
865 3865 955 3914 Ritum
974 3863 1157 3914 Mozarubnm.

436 3971 569 4045 Aequum
593 3973 621 4024 et
649 3963 755 4036 iustum
786 3974 844 4037 est,
874 3984 959 4038 rere,
986 3963 1126 4038 Domine,
1152 3962 1224 4023 satis
1252 3959 1372 4037 dignum
1393 3966 1423 4019 et

347 4051 487 4133 pulcrum
510 4059 574 4126 est,
601 4049 631 4109 in
654 4058 791 4128 quiarttum
811 4068 865 4108 nus
886 4067 1006 4109 mernere
1034 4061 1082 4108 tuo
1111 4047 1250 4107 inlustras
1271 4042 1322 4103 tibi
1343 4060 1422 4105 sem·

347 4156 404 4219 per
425 4134 540 4214 gratias
561 4152 666 4212 agere,
686 4134 761 4211 apud
785 4152 868 4213 quem
892 4143 936 4192 est
958 4133 1024 4192 fons
1045 4133 1136 4207 ritae,
1157 4129 1186 4189 in
1208 4127 1291 4187 cuius
1312 4125 1422 4201 lumine

346 4218 516 4283 videbimus
538 4217 654 4292 lrrruen,
673 4216 805 4295 ‘praevia
832 4227 873 4276 tot
901 4218 1044 4294 tantisque
1073 4212 1225 4273 uirtutibus
1253 4210 1330 4272 circa
1356 4221 1422 4271 tuae

337 4303 516 4368 »maiestatis
545 4301 735 4380 resplendens
762 4300 868 4361 aitaria
895 4308 1011 4361 serenat
1038 4298 1089 4357 lux
1115 4297 1208 4373 cerei,
1237 4295 1424 4374 praemittunt

349 4386 463 4450 iudicia
484 4388 573 4465 ignea
595 4384 737 4446 miracula
760 4402 863 4444 secura
890 4383 1083 4462 lympharum.
1129 4378 1289 4440 Nuntiatur
1316 4398 1353 4440 ex
1379 4377 1425 4438 iu·

349 4472 433 4534 mine
455 4472 530 4549 quod
559 4479 695 4539 nascatur
722 4486 761 4528 ex
790 4469 878 4528 sonte.
932 4468 1086 4527 Patcseuut
1115 4475 1179 4524 ectu
1210 4482 1283 4542 quae
1311 4463 1425 4523 fuerant

349 4553 484 4636 agmon
502 4555 656 4635 mysterio.
696 4551 792 4614 hetae
810 4551 963 4614 columnae
991 4547 1097 4611 veteris
1124 4548 1226 4695 Ἧι
1238 4546 1292 4610 iste
1313 4545 1425 4628 pertut-
1487 4572 1489 4577 ·
