3750 5400
401 865 466 940 pete
490 852 576 934 equis
596 852 735 936 populum
757 854 838 915 docet
859 873 926 919 esse
946 853 1134 931 soluendum,
1161 871 1216 935 per
1240 870 1321 935 qnos
1346 860 1375 914 et
1397 850 1462 915 libe·

401 941 475 1004 ustio
496 939 631 1002 tribuitur
651 940 687 1002 etl
707 939 848 1017 sulutem,
876 948 905 1000 ot
925 940 1107 1021 regeneratio
1129 940 1251 1000 donetur
1271 940 1311 1000 od
1332 938 1463 1017 requiem.

347 1027 351 1036 ”
401 1016 584 1100 Accendant,
606 1022 747 1100 Domine,
775 1023 807 1084 in
828 1034 983 1104 conspectu
1012 1022 1124 1103 gloriee
1145 1032 1211 1084 tute
1233 1013 1463 1086 obsomdnnoe-
1491 1017 1495 1023 ’

402 1119 469 1174 roto
489 1108 673 1170 tumulorum.
716 1107 877 1171 visitentur
898 1105 1104 1170 benedictionis
1125 1109 1216 1185 dono,
1237 1108 1289 1187 qni
1312 1126 1398 1169 suero
1419 1107 1464 1167 de·

401 1194 534 1258 dicentur
553 1189 701 1270 obsequio.
744 1191 808 1252 Non
831 1191 878 1254 bic
899 1191 1010 1254 tluureis
1031 1191 1162 1252 adoletur
1180 1190 1301 1258 hnuto
1323 1189 1464 1270 uirgultis,

401 1277 508 1342 necin
528 1275 661 1336 &beleis
683 1274 901 1360 proscindentnr
922 1276 1020 1356 ligno,
1045 1273 1272 1354 nemoribusque
1295 1276 1466 1338 sncritcteu

403 1360 530 1426 cinnami
558 1365 690 1419 roroutes
717 1357 871 1436 exbolont,
903 1360 955 1423 sed
988 1375 1056 1420 cers
1090 1357 1246 1420 tumuletur
1279 1380 1321 1420 ex
1349 1358 1463 1433 lumine,

405 1464 479 1526 quoe
499 1464 557 1506 noc
579 1442 718 1523 polluitur
747 1461 785 1503 ex
808 1455 943 1523 percute,
969 1442 1052 1504 cuins
1079 1451 1183 1504 usturtt
1206 1443 1360 1521 debore,
1388 1441 1465 1504 cuiue

404 1540 486 1592 ortus
511 1548 550 1589 ex
579 1526 704 1606 uirgine.
752 1524 807 1587 cot
837 1528 889 1589 ills
913 1529 962 1588 dut
983 1525 1112 1607 genitrix
1132 1526 1292 1590 uotiuitstis
1315 1527 1465 1607 originem,

405 1632 479 1694 quse
500 1610 694 1691 corruptionis
714 1612 806 1671 nescit
841 1630 988 1687 errorem,
1020 1630 1149 1692 papyrus
1173 1631 1240 1673 curu
1268 1610 1358 1673 etism
1387 1610 1465 1672 niret

284 1742 288 1750 .
404 1700 541 1779 adoperto
560 1693 742 1773 subtegmine
763 1694 945 1758 flemmarum
965 1697 1118 1776 exequitur
1139 1695 1326 1761 incremento.
1372 1696 1466 1774 Neque

406 1784 461 1845 boc
479 1782 543 1842 siue
563 1777 699 1840 coelestis
719 1779 819 1856 egitur
838 1780 1004 1860 operatione
1026 1778 1156 1855 uirtutis,
1183 1782 1257 1859 quod
1285 1781 1366 1841 iuuet
1395 1776 1467 1858 igui-

406 1867 460 1926 ιιι
487 1883 535 1924 res
564 1862 671 1924 nutrito
698 1862 871 1942 gurgitibus.
919 1864 1090 1943 Agnoscunt
1115 1873 1218 1924 ennete
1247 1873 1275 1925 te
1302 1862 1467 1937 Dominum,

350 1999 353 2004 .
405 1949 513 2028 tibique
533 1966 565 2007 ee
585 1947 681 2008 sciunt
699 1946 796 2008 deberi
818 1948 893 2028 quod
913 1959 982 2010 oete
1002 1958 1078 2010 snut.
1124 1946 1255 2025 Dedisti,
1281 1946 1331 2027 pie
1359 1947 1468 2028 opilcx,

406 2043 556 2094 erueturne
582 2050 716 2107 sensum,
745 2050 819 2110 quoe
845 2053 931 2095 snum
961 2032 1051 2110 possit
1080 2030 1243 2111 intelligere
1270 2041 1300 2091 et
1328 2032 1468 2093 bonorem

405 2119 555 2179 lectorem.
600 2115 715 2174 luteode
738 2115 894 2196 propitius,
921 2115 1062 2192 Domine,
1084 2116 1120 2175 od
1142 2116 1229 2177 lunius
1250 2115 1327 2175 cerei
1347 2114 1469 2176 deuotis-

406 2202 511 2262 siuuum
538 2198 723 2277 seruitutem,
752 2208 783 2258 ιιι
809 2199 858 2278 qui
886 2200 1033 2261 Domuum
1054 2198 1171 2278 gignite
1191 2199 1355 2276 cernitur,·
1373 2197 1469 2260 ossele

405 2295 472 2345 tuse
495 2279 700 2342 benedictionis
728 2293 878 2343 serenatus
906 2303 944 2345 ex
975 2282 1084 2346 lumine
1105 2284 1215 2345 cunetis
1236 2283 1275 2344 sit
1296 2281 1469 2363 expedibilis

405 2370 443 2430 sd
464 2366 597 2430 sulutem.
639 2364 771 2426 Resolvit
791 2366 926 2444 previum
954 2367 1082 2429 lomento
1108 2367 1301 2447 languorum,
1329 2368 1470 2447 asperite-

407 2461 451 2514 tcs
471 2470 592 2512 menum
614 2448 732 2510 remedii
755 2449 961 2529 tranquillitate
974 2450 1146 2530 confringet
1190 2451 1295 2513 Omnis
1317 2452 1402 2512 rotis·
1415 2451 1471 2512 lsr-

406 2536 523 2616 ginutur
543 2533 698 2607 humenis,
720 2531 821 2612 quide
842 2534 899 2595 tuis
913 2535 1158 2618 benedictionibus
1169 2554 1321 2616 sumpsere
1335 2534 1469 2597 officium.

407 2621 520 2682 'l'rilrnc
548 2618 651 2695 etiem,
684 2616 807 2678 Domine
835 2629 951 2694 ennete,
983 2619 1071 2681 Peter
1103 2620 1284 2702 omnipotens
1311 2619 1410 2693 Deus,
1444 2625 1471 2678 ut

407 2707 471 2768 dies
491 2703 579 2765 huius
599 2701 741 2764 solemnio
761 2721 862 2763 suornm
879 2705 1046 2782 pasehetis,
1068 2704 1098 2765 in
1118 2704 1404 2786 qun.Rede1uptoris
1422 2722 1471 2764 no·

408 2789 460 2851 stri
483 2786 579 2868 glorie
607 2786 789 2867 praedicetur
814 2795 842 2847 ct
868 2788 964 2866 gratio
993 2808 1059 2849 eom
1080 2789 1205 2849 nutistite
1226 2801 1327 2851 nostro
1349 2788 1387 2851 Ν.
1409 2804 1471 2849 cun

408 2872 547 2954 gloriosis
571 2871 764 2952 principibus,
784 2891 858 2931 euru.
873 2872 1049 2953 preqbpteris
1069 2881 1097 2933 et
1116 2872 1305 2949 diaconibus,
1327 2873 1408 2933 clero
1429 2880 1472 2932 ut·

408 2977 464 3036 que
484 2956 561 3016 omni
583 2953 660 3014 fideli
684 2954 790 3035 populo
817 2956 871 3014 snb
897 2956 1055 3017 multorum
1083 2957 1229 3018 celebrere
1251 2956 1402 3019 enrricula
1422 2975 1472 3016 en·

409 3059 523 3102 uorum.
565 3037 669 3100 tneo.
711 3041 832 3101 Prnestu
854 3035 1239 3118 postcommunionem
1268 3042 1364 3102 lesum
1388 3040 1472 3103 (lbri-

409 3134 486 3186 stom
499 3122 607 3184 Filium
629 3132 725 3198 tnum,
747 3142 812 3183 cnm
833 3143 890 3201 qno
912 3123 963 3183 tibi
985 3133 1030 3185 est
1051 3142 1109 3185 nnn
1127 3135 1157 3186 et
1177 3125 1345 3204 ensequnlis
1372 3144 1471 3187 essen

410 3209 451 3268 tiu
472 3207 501 3267 iu
524 3205 631 3268 uuitute
653 3205 752 3267 Sancti
775 3205 901 3286 Spiritus
929 3208 960 3267 in
987 3208 1105 3270 soeculo
1131 3209 1328 3270 soeculorum.
1369 3210 1470 3289 Amen.

410 3293 519 3366 Amen,
540 3291 649 3365 Amen,
667 3290 760 3351 tmen
782 3291 818 3350 nd
848 3302 876 3350 te
900 3294 1046 3358 ascendut.
1089 3294 1191 3356 Amen.
1242 3292 1306 3355 Pax
1331 3292 1361 3354 iu
1383 3293 1471 3354 coelo.

410 3380 514 3442 Arnen.
554 3374 618 3435 an
640 3374 669 3435 iu
691 3383 776 3436 terra.
819 3375 922 3435 Arnen.
965 3375 1029 3437 an
1058 3384 1087 3436 et
1114 3375 1262 3455 plenitudo
1281 3387 1348 3457 tun,
1372 3376 1473 3439 Domi·

410 3479 462 3532 ne,
491 3477 581 3536 super
607 3476 661 3518 uos
689 3459 850 3518 descendet.
892 3461 997 3523 Amen.
1043 3460 1107 3521 Pux
1129 3463 1249 3540 regibus
1276 3473 1303 3521 et
1327 3461 1473 3542 potestati·

412 3544 465 3601 bus
482 3539 614 3601 fidelibus
635 3541 744 3601 soeculi
766 3541 863 3603 liutius.
900 3545 1002 3607 Amen.
1043 3544 1107 3605 Pax
1125 3545 1265 3606 ecclesiae
1285 3555 1354 3606 tuoe
1375 3547 1472 3608 cutbu-

412 3624 499 3698 licuo,
520 3642 593 3701 quoe
615 3631 660 3683 est
682 3622 711 3683 in
734 3625 810 3685 bunc
831 3626 927 3689 locum
948 3627 1102 3690 constituto
1122 3637 1150 3690 et
1170 3649 1224 3710 per
1239 3629 1409 3695 uniuersum
1430 3649 1474 3691 or·

411 3706 476 3767 bem
497 3705 528 3766 iu
549 3724 621 3785 poce
641 3705 756 3770 diffuso.
799 3709 903 3772 Arnen.

871 3862 1022 3879 ——-...,

495 3955 615 4016 Festum
644 3954 796 4034 peselrnle,
829 3959 917 4020 totins
950 3963 1026 4024 sacri
1056 3964 1195 4044 temporis
1221 3967 1311 4046 longe
1340 3927 1475 4049 princepe

411 4049 496 4120 etque
522 4037 735 4100 nobilissimum
763 4049 790 4100 ct
812 4041 946 4104 omniurn·
969 4046 1017 4125 qui
1041 4049 1127 4110 unius
1148 4046 1217 4109 unni
1238 4050 1335 4128 spolio
1358 4055 1476 4115 redeunt

400 4123 521 4184 dierum
549 4123 688 4184 lectorum
715 4122 799 4201 quusi
827 4125 959 4203 reginum
994 4140 1022 4190 et
1048 4148 1079 4193 ut
1105 4152 1211 4211 praeeo
1240 4144 1306 4195 ntur
1333 4138 1476 4199 roeebnlo

409 4202 1217 4360 ιιιιιιιιιιιιιιιιιιιιιιιιιιι
1231 4218 1416 4366 utem
1429 4218 1476 4302 ι

410 4383 467 4432 tem
488 4391 572 4433 sunm
601 4311 721 4453 quisffne
747 4376 810 4439 dies
830 4379 921 4438 festos
942 4315 1044 4442 ’boiam
1065 4319 1350 4465 θΙιιιιίιιτιΠιῗιιιῗιιιηῗιιιιι
1371 4315 1477 4450 ιιιὲιιιιῗι

285 4481 286 4488 ¹
409 4455 520 4532 fulgent
546 4465 632 4534 utque
659 4457 800 4538 eminent,
830 4470 861 4523 ut
888 4479 914 4522 c.
943 4480 973 4538 g.
993 4482 1028 4524 eu
1047 4486 1104 4544 qus
1126 4469 1247 4547 spiritns
1266 4472 1370 4533 suncti
1393 4470 1476 4552 qussi

407 4536 486 4615 iguis
509 4536 625 4601 diuinus
653 4543 851 4620 apostolorum
871 4543 986 4609 enimus
1006 4550 1137 4613 emendit
1158 4552 1251 4630 bore,
1273 4553 1371 4619 idest
1392 4554 1476 4619 tertie
