3750 5400
759 677 770 692 f
937 678 942 684 .

443 885 701 949 Laerimararn
724 884 810 946 rivali
831 893 1034 965 neuprusnut
1054 885 1101 946 rel
1122 901 1216 964 aquae
1275 929 1278 938 -

443 970 518 1033 Cum
539 989 626 1033 senes
648 978 675 1029 et
697 968 811 1049 parvuli
833 970 981 1057 explebe
1006 980 1179 1049 unaquaque

443 1054 581 1116 'limeaut
608 1054 684 1133 qnod
705 1052 813 1115 aemuli
837 1064 979 1133 quaerant
1001 1052 1225 1133 circumquaque

442 1138 480 1201 Et
500 1139 608 1202 iratres
630 1136 718 1200 iruius
737 1137 847 1201 saeculi
870 1139 987 1203 trahunt
1007 1155 1223 1219 usquequaque.

441 1288 514 1350 iiia
541 1308 618 1368 erge
635 1286 730 1368 dirige
750 1289 793 1350 ad·
810 1300 926 1351 nostres
948 1298 1061 1350 mentes

445 1375 540 1452 Atque
562 1372 661 1452 lapsae
683 1372 780 1452 erige,
793 1371 933 1435 'eunsorta
953 1381 1130 1449 trementes,

444 1456 642 1536 Errantesque
664 1457 779 1536 eurrige
801 1467 828 1517 te
849 1457 896 1537 pie
917 1465 1091 1537 quaerentes

441 1539 570 1604 Miseros
590 1560 645 1603 aas
666 1539 760 1622 dirige
781 1540 813 1602 in
834 1549 862 1604 te
883 1542 1072 1608 confidentes.
1138 1574 1140 1582 ·

440 1691 758 1754 advocatiarum
780 1709 879 1753 earam
900 1690 1048 1762 salvatore

394 1770 399 1781 ’
439 1775 593 1837 Postulans
613 1792 739 1855 propera
760 1772 953 1856 consuetaque
975 1795 1056 1837 ruere

438 1859 475 1920 Et
496 1878 550 1939 pre
571 1870 659 1938 geute
679 1860 788 1921 misera
808 1859 933 1939 benignu
955 1861 1058 1921 favere

438 1942 546 2005 Natum
567 1952 648 2005 tuum
670 1942 774 2023 mitiga
795 1953 925 2006 materno
947 1962 1056 2005 amore.

439 2094 582 2157 Nostra
603 2087 673 2173 spes
693 2091 823 2156 fidelium
842 2112 960 2173 semper
980 2091 1036 2154 fuir
1057 2093 1124 2155 tulis

438 2178 493 2238 Est
514 2185 541 2239 et
563 2178 618 2238 erit
639 2177 768 2240 omnium
790 2185 884 2240 mater
905 2175 1078 2257 virginalis,
1111 2250 1113 2256 Ι

437 2260 476 2323 Ut
497 2261 582 2324 nodis
604 2261 783 2343 praesidium
805 2260 1040 2348 civitasqregaiis
1113 2257 1116 2266 '

437 2345 486 2408 Sis
508 2357 593 2427 atque
615 2347 774 2409 remedium
794 2340 890 2425 puisis
909 2346 1013 2426 presai
1035 2346 1130 2407 maiis.

370 2541 374 2548 -
434 2496 531 2559 idios
554 2494 636 2577 pius
657 2497 791 2559 oenias
811 2509 847 2557 et
867 2496 1144 2561 misericordes

434 2580 625 2642 Converte
646 2581 681 2641 ad
705 2580 832 2641 demades
853 2580 885 2642 iu
907 2582 983 2642 bene
1004 2580 1152 2644 discordes

375 2708 381 2719 ³
434 2665 473 2727 Et
494 2664 660 2727 adrandum
682 2663 802 2727 sedales
822 2663 927 2729 furtiua
949 2666 1106 2728 aeueerdes

437 2750 562 2812 Nostrae
584 2747 680 2809 earnis
702 2747 885 2813 stimulorum
905 2749 1006 2813 deleas
1026 2751 1136 2818 sordes.

434 2899 478 2962 Et
499 2900 618 2961 lesum
642 2897 885 2978 unigenitum
905 2899 1071 2963 fruetu'm
1093 2902 1346 2971 benedictum.

434 2985 569 3046 Monstra
589 2982 674 3044 nohis
695 2980 828 3045 inolitum
848 2982 929 3065 pium
950 2993 979 3045 et
997 3005 1057 3073 nup
1076 2984 1191 3065 fletum,

435 3069 493 3131 Per
513 3087 599 3147 quem
621 3087 714 3147 genus
734 3069 876 3148 perditum
897 3086 917 3129 a
938 3068 1078 3132 daemona
1101 3070 1207 3134 vietum

390 3220 398 3249 r
433 3153 539 3216 Datum
563 3151 594 3212 iu
615 3151 761 3213 interitum
784 3151 890 3214 revixit
911 3151 1061 3217 inpiatum.

433 3302 587 3365 Ventris
608 3303 662 3365 tui
684 3302 796 3365 viseera
817 3302 914 3364 iesum
934 3312 1122 3385 partaverunt

432 3387 470 3449 Et
492 3389 576 3449 beata
596 3391 686 3450 ubera
706 3389 802 3469 ipsum
824 3388 1018 3463 iae-taverunt,

431 3471 486 3534 cii
509 3471 608 3534 ludaei
630 3473 751 3534 uulnera
770 3473 834 3532 dira
854 3472 1013 3534 intulerunt

433 3557 471 3618 Et
492 3555 589 3636 ipsum
611 3568 676 3636 post
698 3557 819 3618 verbera
840 3556 919 3619 eruei
939 3556 1125 3624 tradiderunt,

434 3707 551 3769 Nebis
573 3714 657 3788 pest
678 3707 747 3766 lieu
766 3705 929 3767 exilium
948 3707 1149 3785 benignum
1164 3711 1332 3787 ostende,

433 3792 531 3853 iesum
553 3800 633 3853 tuum
654 3789 746 3851 filium
768 3798 797 3850 et
817 3789 901 3851 nabis
922 3782 1056 3870 impende

431 3875 540 3941 Verius
563 3872 754 3954 patrocinium
776 3882 804 3934 et
825 3892 945 3937 manum
967 3878 1088 3938 extende

434 3959 510 4024 Cum
530 3959 568 4021 ad
590 3957 726 4021 indicium
749 3957 857 4021 erimus
876 3958 1005 4026 deiende.
1161 3959 1163 3963 ’

434 4110 645 4173 Oelemens
668 4110 819 4171 elementia
841 4128 972 4172 summae
995 4112 1148 4193 honitatis,

434 4193 546 4257 Adonai
569 4194 647 4273 titia,
670 4195 723 4255 flos
746 4191 938 4273 uirginitatis,
977 4200 987 4210 ’

409 4278 641 4355 ‘Damnatururn
663 4279 749 4339 venia
769 4287 862 4339 mater
883 4279 1000 4357 pietatis

434 4361 591 4444 Virginem
613 4362 742 4441 laetitia,
763 4363 838 4425 stein
860 4363 999 4426 raritatis.
1255 4408 1292 4451 s
1438 4330 1548 4754 I

436 4494 463 4557 0
490 4497 552 4576 pia
573 4495 706 4577 piissima
728 4497 832 4575 regius
854 4498 1000 4560 coelerum

439 4580 575 4647 Omnium
597 4581 741 4647 ditissima
761 4582 817 4647 Dei
843 4584 1047 4694 saeuulqrnnr,
1325 4624 1327 4629 -
1368 4660 1372 4667 ι
1450 4604 1452 4609 ·
