3750 5400
891 659 1041 780 aar
1135 673 1138 686 '

403 883 508 965 optime
529 883 702 964 exprimunt.
746 882 876 961 Cumque
898 882 973 940 inter
986 881 1122 942 mortales
1144 881 1261 960 plurrimi
1276 881 1465 958 inveniantur,

402 985 473 1049 qnos
494 987 580 1030 rasus
602 970 732 1029 inlelirus
755 968 794 1027 ita
816 965 975 1045 percellant
998 979 1083 1044 atque
1102 967 1254 1044 frangant,
1283 978 1313 1028 nt
1334 968 1465 1046 ipsoram

402 1052 508 1114 animis
542 1054 625 1113 dolor
654 1062 788 1131 tanquam
817 1050 933 1129 gladius
966 1050 1074 1110 iufiuus
1103 1049 1237 1125 haereat,
1264 1053 1372 1112 mirum
1400 1072 1465 1114 esso

402 1137 579 1216 non'potcst
601 1149 658 1198 tam
688 1137 793 1197 multos
823 1143 899 1194 tauto
927 1133 1043 1212 pietatis
1070 1136 1173 1194 ardore
1200 1134 1361 1195 Matrem
1389 1136 1465 1197 llo-

402 1223 566 1283 lorosam
596 1222 728 1300 precihus
756 1218 880 1296 adiisse,
908 1218 968 1278 iruo
996 1220 1082 1278 etiam
1109 1219 1236 1284 nuncin
1259 1219 1466 1281 ecclesiastc-

402 1325 489 1367 mana
506 1308 597 1367 adire.
625 1307 729 1366 Testes
745 1315 811 1365 sont
828 1317 886 1363 tam
900 1305 1064 1380 frequentes
1078 1303 1108 1362 in
1131 1304 1246 1383 templis
1267 1322 1302 1364 ao
1324 1304 1381 1365 viis
1400 1322 1465 1365 tna·

402 1390 456 1452 tris
476 1390 629 1451 dolorosae
649 1391 802 1468 imagines,
815 1386 847 1468 i)
870 1397 958 1447 testes
978 1386 1114 1447 luururnae
1127 1396 1202 1470 aute,
1214 1388 1294 1468 ipsos
1306 1388 1352 1448 die
1364 1399 1465 1449 noctu·
1503 1395 1520 1468 j

396 1483 458 1554 'qao
481 1476 631 1551 ardentes,
664 1472 819 1551 testes'qoi
842 1472 871 1532 in
899 1473 962 1532 eius
989 1472 1128 1532 honorem
1149 1473 1295 1532 constituti
1317 1485 1384 1533 sunt
1404 1473 1467 1535 dies

403 1558 479 1635 festi,
501 1569 588 1620 testes
607 1561 728 1638 denique
750 1556 927 1634 sodalitates,
951 1558 1103 1617 conciones
1124 1575 1243 1633 sacrae,
1264 1558 1376 1637 hymni,
1396 1577 1466 1638 pro-

403 1662 451 1704 ces
478 1645 513 1703 a'o
541 1644 651 1706 laudes.
699 1644 777 1703 lutor
804 1641 901 1701 omnia
922 1650 1017 1701 autem
1038 1642 1183 1718 carmina,
1211 1661 1284 1720 qnae
1312 1642 1343 1701 in
1364 1641 1468 1703 matris

403 1725 575 1794 lacrimosae
603 1729 736 1789 laudibus
766 1733 937 1802 versantur,
967 1726 1039 1803 quod
1068 1744 1157 1803 supra
1191 1725 1328 1804 scriptum
1357 1727 1466 1805 legitur

404 1812 532 1872 omnium
555 1832 695 1882 consensu
720 1809 847 1889 palmare
870 1817 922 1874 est.
949 1810 1032 1884 Qruae
1054 1808 1082 1867 in
1099 1809 1179 1868 initio
1200 1811 1356 1871 recitantur
1377 1812 1467 1873 verba

403 1897 540 1956 lectorem
562 1896 722 1977 paullisper
743 1896 776 1953 ad
793 1893 944 1953 historiam
965 1902 1114 1952 revocant:
1135 1894 1201 1953 driu
1219 1905 1300 1955 vates
1321 1914 1371 1955 ore
1392 1894 1466 1957 mcl-

403 1979 485 2040 litluo
512 1982 547 2040 ad
576 1981 691 2041 dolores
718 1977 832 2039 Mariae
861 1977 941 2055 qnasi
971 1977 1076 2037 nativis
1104 1977 1250 2039 coloribus
1270 1979 1466 2059 depingendus

404 2074 492 2124 totum
516 2081 547 2124 sc
569 2066 687 2131 conlert.
729 2064 776 2123 Ex
804 2063 860 2122 hoo
887 2059 1061 2139 intelligitur
1088 2071 1218 2124 nostrum
1239 2081 1356 2123 carmen
1377 2073 1406 2124 et
1427 2062 1467 2123 il·

403 2147 453 2209 lud
475 2147 624 2211 alterumz'
641 2149 732 2210 Dies
760 2146 856 2223 irae,
885 2145 938 2206 etsi
967 2146 1042 2206 forto
1071 2147 1210 2224 quaedam
1238 2147 1394 2209 similitudo
1421 2147 1467 2208 iu·
1557 2173 1561 2182 *

405 2233 608 2315 tercedot,**)
641 2244 736 2295 tamen
764 2228 954 2291 diversissimi
990 2232 1107 2307 generis
1139 2250 1214 2291 esse.
1264 2232 1341 2293 Nam
1367 2251 1468 2293 eorum

406 2336 494 2378 unum
515 2318 547 2377 iu
569 2338 604 2378 ea
624 2339 656 2377 re
678 2335 751 2395 quac
774 2315 855 2396 qnasi
877 2314 1053 2374 intuentihus
1073 2314 1161 2376 nohis
1184 2314 1282 2394 agitur
1303 2317 1470 2378 descrihen-

404 2402 449 2481 da,
462 2411 610 2477 versatur,
631 2402 753 2463 alterum
775 2419 832 2460 nou
846 2397 912 2479 qnid
933 2408 1028 2459 actum
1050 2399 1103 2475 sit,
1125 2400 1175 2461 sod
1196 2400 1261 2479 quiid
1284 2411 1383 2479 pertas
1401 2419 1468 2462 sen-

404 2485 474 2545 serit
495 2486 645 2566 exprimit:
668 2486 738 2547 illud
761 2485 859 2545 lectori
884 2482 966 2562 qnasi
981 2501 1096 2544 scenam
1117 2485 1259 2560 quandam
1282 2495 1347 2545 ante
1368 2486 1467 2545 oculos

377 2618 381 2628 .
403 2570 493 2650 pouit,
506 2571 562 2632 h'oc
575 2570 656 2650 qnasi
670 2569 758 2632 animi
774 2568 889 2630 intimos
903 2575 1035 2630 recessds
1047 2567 1149 2647 aperit.
1175 2566 1313 2630 Carmina
1325 2569 1414 2649 igitar
1429 2568 1469 2631 ita

472 2805 501 2870 *)
528 2808 617 2858 Multa
642 2825 675 2857 ex
698 2806 740 2854 his
762 2803 911 2855 simulacris
936 2804 979 2854 vel
1010 2815 1066 2854 arto
1093 2805 1137 2854 vel
1168 2803 1265 2855 deuota
1296 2805 1468 2923 simflioitato

405 2877 509 2954 animos
535 2885 658 2956 movent:
680 2890 786 2954 'neque
809 2884 899 2923 tanuen
917 2871 1027 2952 desunt,
1045 2891 1114 2940 quae
1132 2868 1303 2939 inelegantis
1318 2893 1347 2924 ve
1376 2876 1470 2956 inepta

404 2939 766 3078 ltt‘hgdlfgdsltssdl·
778 3010 797 3058 t.
809 2942 842 3059 ξ
866 2942 930 3071 ’ἰὲῗῖ
943 2939 1036 3070 fall,
1051 2938 1468 3077 tlttullgshl‘dlldldt:

405 3080 490 3142 Fran,
523 3082 560 3127 im
586 3077 745 3128 Halbzirkel
768 3079 816 3126 mit
845 3079 861 3125 7
889 3077 1033 3126 brillanteu
1058 3077 1298 3143 Galanteriedegen
1325 3079 1466 3144 nmgehen,

404 3149 459 3197 wia
482 3149 534 3198 wir
553 3149 582 3196 in
605 3146 791 3196 katholtschen
808 3145 948 3215 ‘Kapellen
967 3143 1023 3192 und
1046 3145 1192 3195 Gasthdlon
1212 3147 1344 3212 geselren,
1367 3149 1469 3197 stimant

406 3232 456 3265 uns
475 3215 580 3265 freilich
600 3215 674 3265 mehr
692 3233 751 3263 zum
769 3213 878 3264 Lachen
897 3213 935 3262 als
953 3231 1000 3261 zur
1018 3211 1172 3263 Andacht.“

454 3314 502 3381 3²⁸)
519 3316 699 3368 Pulcherrima
718 3313 865 3364 similitudo
884 3325 910 3364 et
923 3315 1040 3362 maxime
1060 3324 1212 3383 opportuna
1231 3315 1257 3363 in
1273 3315 1324 3364 hoo
1343 3313 1467 3379 cernitur,

405 3383 480 3456 quod
494 3388 543 3436 viri
556 3385 627 3435 docti
640 3385 685 3451 qui
700 3401 805 3433 carmen
819 3381 980 3432 antecedens
992 3382 1166 3445 illustrarunt,
1181 3393 1206 3431 et
1219 3383 1282 3432 huie
1295 3400 1403 3451 operatu
1418 3401 1469 3433 na-

405 3465 511 3503 verunt.
555 3451 596 3504 Cf.
628 3452 790 3502 Molunihe
815 3451 957 3500 Kirchen-
986 3449 1041 3498 und
1071 3451 1331 3501 litterarluistorische
1356 3450 1469 3502 Studien

405 3520 462 3571 nod
479 3522 687 3588 Mitthailungeu
715 3518 763 3568 ad.
791 3520 814 3571 1.
843 3518 906 3569 Helt
929 3520 955 3568 2.
979 3517 1007 3566 S.
1026 3514 1075 3566 407
1094 3514 1125 3568 ff.
1166 3518 1325 3569 Geschiohte
1350 3519 1399 3569 der
1416 3519 1468 3571 Se·
1559 3506 1574 3520 ”

406 3608 493 3655 quenz
517 3589 610 3638 Stabat
630 3601 714 3639 mater
739 3586 874 3637 dolorosa.
900 3611 932 3619 -
952 3586 981 3635 F.
1000 3585 1032 3634 G.
1052 3586 1153 3636 Lisco
1178 3587 1272 3636 Stabat
1297 3588 1385 3638 Mater
1405 3588 1470 3658 Hy·
1565 3590 1567 3595 '

406 3676 483 3708 mnus
505 3659 552 3707 auf
567 3658 611 3708 die
634 3657 797 3707 Srhmerzen
816 3655 864 3705 der
882 3655 977 3703 illaria.
1021 3655 1111 3704 Berlin
1136 3653 1211 3707 1843.
1251 3656 1384 3719 Mohuilae
1407 3657 1426 3705 l.
1451 3657 1469 3706 l.

407 3725 510 3776 Ansser
528 3725 588 3776 dem
607 3725 768 3784 Umstande,
789 3723 849 3773 dass
871 3724 938 3771 auch
957 3721 1044 3772 dieses
1063 3723 1156 3772 Stabat
1173 3735 1257 3775 nuater
1275 3728 1354 3774 einen
1372 3725 1470 3775 ritual-

406 3793 452 3843 len
470 3795 612 3845 Gabreuch
632 3796 661 3843 in
679 3793 728 3842 der
745 3792 931 3842 hatholischeu
950 3791 1048 3840 Kirche
1066 3791 1199 3857 geltruden
1218 3793 1278 3854 hat,
1304 3794 1349 3843 hat
1377 3811 1404 3842 es
1422 3795 1470 3841 mit

409 3861 468 3913 dem
495 3864 561 3913 Dies
586 3865 642 3912 irae
666 3862 734 3910 noch
762 3862 884 3910 nuauuches
902 3859 1012 3908 Andere
1039 3862 1152 3924 gaurein.
1196 3860 1272 3910 Auch
1293 3863 1359 3911 iiber
1376 3863 1469 3910 seinen

407 3932 548 3981 Verfa‘sser
567 3932 666 3980 walten
684 3928 944 3993 verscluierlanartige
957 3929 1122 3994 llleiouugen
1141 3929 1192 3991 ob,
1212 3945 1239 3977 es
1258 3929 1319 3977 tatto
1337 3930 1469 3978 hinsicht-

407 3999 462 4049 lich
481 3999 529 4049 der
548 3999 609 4048 Zeit
627 4001 715 4047 seiner
733 3997 900 4061 Entstehuug
919 3998 966 4044 mit
986 3995 1046 4045 dem
1066 3998 1130 4046 Dies
1148 3998 1204 4045 irae
1222 3997 1344 4045 ziemlielr
1363 4014 1470 4044 zusam-

407 4086 485 4128 men,
503 4068 621 4117 welcher
635 4067 747 4115 Atusicht
768 4065 832 4114 iiber
852 4064 903 4112 deu
918 4064 1031 4114 Dichter
1048 4082 1108 4112 man
1128 4065 1194 4113 arach
1209 4064 1375 4113 beistimmen
1395 4082 1469 4127 mag,
1538 4119 1540 4125 Ι

408 4135 456 4187 der
473 4136 551 4186 wohl
569 4136 642 4185 nieht
660 4143 698 4183 zu·
719 4132 915 4184 bezvveifetnde
936 4132 1076 4181 Verlasser
1099 4133 1208 4196 galtdrte
1232 4130 1388 4180 demselben
1414 4129 1470 4180 Οι-

408 4204 460 4254 den
480 4222 530 4265 an,
550 4202 644 4255 dassen
664 4201 787 4267 Mitglied
805 4202 954 4250 Thomas
974 4218 1039 4250 von
1058 4200 1189 4250 Celauo
1212 4215 1282 4258 wae3
1307 4215 1334 4247 es
1358 4199 1405 4247 hat
1422 4198 1469 4249 das

409 4271 478 4323 Lievl
505 4275 533 4322 in
553 4271 605 4321 den
623 4288 723 4320 neuere
743 4269 856 4331 Zaiten,
883 4267 937 4316 und
963 4287 1036 4316 zwar
1054 4268 1124 4316 noch
1143 4278 1225 4316 etwas
1251 4265 1404 4316 tratum-als
1422 4267 1469 4317 das

409 4340 476 4392 Dios
496 4343 551 4390 irae
573 4342 652 4391 eiuen
680 4336 872 4403 Cormponistea
897 4335 1048 4403 gesunden,
1073 4334 1167 4384 dassen
1186 4334 1268 4382 Name
1294 4352 1324 4383 so
1348 4333 1471 4384 berdhmt

411 4406 449 4459 als
467 4408 639 4459 Mozart's
659 4407 742 4454 Name
761 4407 811 4469 ist,
831 4405 905 4454 nieht
926 4423 958 4452 zu
971 4401 1128 4468 gedanken,
1146 4401 1206 4450 <lass
1223 4401 1290 4450 auch
1309 4400 1395 4451 dieses
1407 4403 1472 4452 Sta·

411 4477 456 4527 bat
476 4488 574 4538 mater,
592 4493 673 4525 vvenn
692 4473 779 4539 gloieh
797 4473 872 4522 nieht
889 4491 918 4522 so
938 4471 991 4532 oit,
1010 4472 1063 4518 avie
1081 4469 1128 4518 das
1146 4470 1211 4518 Dies
1229 4473 1299 4530 irae,
1317 4468 1387 4519 doch
1405 4471 1471 4521 anch

411 4545 567 4606 mehrmals,
588 4542 644 4593 und
664 4545 791 4592 ntitnntor
809 4540 876 4590 anch
893 4558 947 4589 von
966 4537 1205 4604 protestantisohen
1225 4537 1373 4601 Iliohtern,
1391 4539 1471 4590 theiis

412 4616 454 4666 iun
472 4612 610 4666 Deutsohe
628 4611 772 4674 ubersetzt,
791 4608 869 4661 theiis
886 4607 937 4661 lrei
952 4603 1142 4672 nachgehildet
1160 4603 1271 4657 worden
1290 4607 1333 4657 ist.
